1650 2550
351 205 435 256 170
673 196 728 240 e.
766 192 1277 240 PL1N11EP1s'r.

346 302 528 349 quoque
548 302 698 349 regere
715 288 923 349 dignatus
950 303 1023 342 es;
1039 286 1165 347 quod
1185 301 1312 331 nunc
1331 301 1520 349 quoque
1540 286 1605 332 fa-
1640 310 1641 317 κ

344 366 460 418 οὶαε,
481 379 606 424 rogo.
630 364 755 410 Adiit
780 367 901 409 enim
923 380 997 409 me
1026 363 1216 424 quidam
1233 398 1246 417 ,
1272 363 1582 426 indicavitque
1590 397 1604 419 ,

342 441 621 487 adversarios
641 457 745 487 suos
763 458 790 487 a
812 440 999 488 Servilio
1016 440 1153 485 Calvo
1170 474 1184 496 ‚
1205 439 1465 486 clarissimo
1489 443 1606 493 vim.

341 520 389 563 in
399 520 642 564 triennium
652 518 870 579 relegatos
881 553 894 574 ‚
911 520 957 562 in
967 519 1198 578 provincia
1206 518 1381 562 morari
1394 535 1409 563 z
1427 517 1495 562 illi
1504 533 1603 563 eon-

344 606 441 651 tra,
473 596 533 641 ab
558 595 718 641 eodem
744 611 791 641 se
822 597 1050 641 restitutos
1079 594 1459 651 affirmaverunt,
1491 596 1604 641 edic·

346 684 535 736 tumque
556 676 885 719 recitaverunt:
910 687 1003 734 qua
1023 686 1158 716 causa
1179 675 1495 717 necessarium
1518 689 1604 718 cre-

348 750 468 806 didi,
491 766 589 796 rem
611 752 833 810 integram
852 749 911 794 ad
932 760 976 794 te
993 747 1179 793 referre.
1200 751 1323 793 Nam
1343 751 1601 795 sicutman·

349 825 464 873 datis
477 829 565 873 tuis
579 839 761 873 cautum
780 840 864 882 est,
878 843 935 872 ne
949 829 1181 872 restituam
1197 826 1257 871 ab
1270 826 1383 882 alio,
1399 841 1485 873 aut
1498 844 1523 872 a
1538 842 1600 871 mc
1640 856 1641 859 =

345 902 587 966 relegatos;
617 907 680 957 ita
701 904 758 949 de
779 906 858 960 iis,
895 919 1008 965 quos
1029 892 1145 948 alius
1164 902 1438 963 relegaverit
1461 915 1506 949 et
1534 919 1599 948 re-
1640 944 1641 969 }

348 984 557 1037 stitueffiit,
572 981 682 1027 nihil
698 980 1075 1041 comprehensum
1086 980 1169 1026 est.
1185 980 1296 1025 Ideo
1312 992 1381 1034 tu,
1395 982 1597 1032 Domine.

347 1059 646 1106 consulendus
665 1058 815 1113 fuisti,
837 1058 948 1120 quid
967 1057 1208 1103 observare
1230 1073 1305 1102 me
1324 1056 1493 1113 velles,
1515 1070 1596 1103 tan
1640 1092 1641 1097 ,

346 1134 530 1182 hercule
545 1137 601 1181 de
615 1136 684 1181 his
702 1171 715 1191 ,
730 1151 867 1197 quam
884 1136 942 1180 de
960 1132 1047 1180 illis
1060 1168 1072 1188 ,
1089 1136 1229 1196 quiin
1248 1146 1529 1195 perpetuum
1542 1150 1597 1179 re·

346 1213 507 1274 legati,
530 1215 804 1260 necrestimti
819 1249 832 1267 ,
856 1215 904 1257 in
919 1214 1149 1275 provincia
1169 1212 1592 1274 deprehenduntur:

344 1304 452 1335 nam
487 1288 581 1337 lnaec
614 1307 795 1352 qnoque
829 1292 998 1350 species
1032 1288 1192 1335 incidit
1222 1290 1269 1333 in
1300 1292 1595 1352 cognitionem

344 1380 511 1410 meam.
531 1368 608 1411 Est
627 1370 746 1412 enim
765 1366 988 1412 adductus
1006 1365 1065 1410 ad
1087 1382 1162 1411 me
1182 1368 1230 1410 in
1248 1379 1526 1428 perpetuum
1542 1382 1597 1412 re-

342 1442 514 1502 legatus
533 1445 559 1487 J
564 1445 652 1489 ulio
671 1448 805 1491 Basso
823 1443 1106 1506 proconsule.
1128 1446 1247 1505 Ego,
1270 1447 1385 1505 quia
1406 1445 1594 1492 sciebam

345 1533 444 1567 acta
463 1523 585 1566 Bassi
612 1525 796 1569 rescissa
812 1558 825 1577 ‚
857 1523 1104 1585 datumque
1124 1539 1153 1567 a
1175 1536 1334 1569 senatu
1354 1525 1429 1584 jus
1457 1524 1595 1569 omui·
1640 1521 1641 1524 ’

344 1597 456 1653 bus,
481 1598 537 1643 de
551 1598 718 1657 quibus
737 1599 813 1644 ille
826 1598 1000 1660 aliquid
1011 1601 1341 1654 constituisset,
1365 1618 1419 1647 ex
1430 1603 1594 1662 integm

345 1674 505 1737 agendi
537 1675 754 1721 duntaxat
774 1692 858 1737 per
886 1675 1148 1731 biennium,
1178 1678 1459 1739 interrogavi
1484 1678 1593 1722 hunc

343 1769 479 1815 quem
507 1752 803 1812 relegaverat,
838 1768 894 1798 an
923 1751 1131 1808 adiisset,
1156 1751 1477 1817 docuissetque
1497 1767 1594 1815 pro-

1636 1627 1641 1654 4

340 1830 597 1876 consulem:
627 1832 819 1892 negavit.
852 1832 939 1875 Per
963 1829 1087 1890 quod
1112 1829 1324 1876 effectum
1352 1843 1451 1887 est,
1480 1843 1530 1877 ut
1551 1841 1590 1875 te
1640 1823 1641 1832 ¹

338 1907 617 1953 consulerem
630 1940 643 1961 ,
676 1921 735 1950 an
763 1905 1052 1953 reddendum
1076 1923 1183 1953 eum
1210 1923 1358 1968 poenae
1385 1924 1478 1954 ωε
1493 1943 1507 1963 ,
1534 1921 1589 1952 an

338 1987 518 2045 gravius
549 1982 747 2045 aliquid,
774 1995 820 2029 et
851 1983 962 2044 quid
989 1985 1278 2044 potissimum
1313 1987 1585 2031 constituen-

334 2059 447 2103 dum
465 2071 648 2118 putares
669 2061 777 2103 etin
801 2058 949 2114 hunc,
974 2070 1020 2104 et
1046 2061 1094 2105 in
1115 2075 1219 2116 eos,
1242 2063 1282 2105 si
1309 2063 1392 2123 qui
1408 2061 1519 2107 forte
1542 2061 1585 2103 in
1640 2061 1641 2064 ’

331 2132 468 2177 simili
488 2133 743 2178 conditione
765 2135 1094 2181 inveniremur.
1127 2140 1375 2185 Decretum
1398 2137 1521 2185 Calvi
1546 2147 1589 2179 et
1640 2163 1641 2172 κ

332 2206 557 2263 edictum,
578 2208 687 2254 item
706 2206 941 2256 decretum
963 2213 1090 2259 Bassi
1112 2212 1186 2259 his
1203 2212 1370 2261 litteris
1390 2213 1565 2274 subjeci.
