1650 2550
370 219 718 264 TRAJANO.
746 218 1046 264 DKCTUS.
1251 215 1339 276 289

67 309 200 371 apud
230 310 423 370 genium
446 320 580 355 tuum
604 309 795 356 bonitati
823 320 914 356 tuae
938 313 1107 370 gratias
1129 313 1227 371 agi,
1261 309 1341 355 sed

68 389 199 451 apud
220 403 397 433 numen
416 390 540 434 Jovis
567 392 727 449 optimi
753 390 936 434 maximi
958 391 1154 450 pateris:
1178 389 1243 435 illi
1266 389 1341 434 de-

68 466 184 515 bere
201 479 290 510 nos
305 463 532 526 quidquid
544 464 628 510 tibi
646 463 893 511 debean‘ms
904 499 918 521 ,
940 464 1062 512 iliius
1081 465 1206 527 quod
1223 466 1345 515 bene,

67 542 212 588 facias
237 543 442 588 muneris
467 557 562 587 esse
584 544 664 603 qui
690 554 735 588 te
756 542 897 588 dedit.
922 545 1035 589 Ante
1065 542 1251 605 quidem
1268 545 1340 587 in-

68 632 230 680 gentes
247 618 502 663 hostiarum
520 633 672 678 greges
693 634 777 680 per
796 618 1105 681 Capitolinum
1121 622 1222 673 iter,
1241 634 1341 665 ma-

69 711 158 756 gna
183 695 257 739 sui
281 706 414 755 parte
435 693 558 739 velut
580 697 841 756 intercepti,
864 695 1086 741 divertere
1106 696 1181 739 via
1202 709 1338 754 coge-

66 772 266 827 bantur,
283 787 433 833 quum
448 774 676 818 saevissimi
689 772 865 818 domini
881 774 1156 819 atrocissima
1170 772 1339 832 effigies

66 862 199 896 tanto
223 849 517 894 victimarum
542 863 703 894 cruore
730 848 967 906 coleretur,
990 861 1214 912 quantum
1241 851 1337 910 ipse

66 927 267 974 hnmani
286 929 518 987 sanguinis
539 925 860 988 profundebat.

125 1009 253 1053 Lm.
272 1008 439 1052 Onmu
451 1040 464 1062 ,
480 1009 633 1053 Patres
648 1009 914 1066 conscripti,
929 1021 1032 1067 quae
1041 1005 1098 1052 de
1107 1006 1204 1053 aliis
1218 1009 1339 1069 prin·

68 1084 252 1146 cipibus
275 1099 304 1128 a
328 1097 403 1128 me
424 1095 503 1129 aut
523 1082 740 1129 dicuntur
758 1095 839 1129 aut
857 1083 975 1129 dicta
995 1096 1101 1129 sunt
1116 1113 1129 1134 ,
1152 1100 1206 1130 eo
1228 1100 1336 1145 per-

66 1164 236 1217 tinent,
253 1171 307 1206 ut
322 1160 559 1206 ostendam
571 1194 584 1215 ‚
599 1174 739 1222 quam
753 1160 885 1220 ionga
905 1161 1227 1207 consuetudine
1243 1178 1339 1208 cor-

68 1249 234 1300 ruptos
274 1235 635 1299 depravatosque
672 1251 820 1282 mores
857 1239 1134 1298 principatus
1173 1253 1336 1300 parens

70 1328 228 1363 noster
249 1313 469 1360 reformet
498 1325 543 1358 et
569 1314 792 1374 corrigat:
824 1311 993 1374 alioqui
1017 1314 1129 1361 nihil
1150 1331 1240 1361 non
1260 1329 1338 1378 pa·

70 1410 174 1439 rum
204 1403 338 1453 grate
367 1393 463 1436 sine
493 1393 826 1452 comparatione
854 1390 1078 1438 laudatur.
1119 1395 1337 1440 Praeterea

68 1471 154 1518 hoe
181 1472 393 1532 primum
418 1484 521 1529 erga
552 1471 777 1531 optimum
806 1471 1126 1530 imperatorem
1153 1475 1336 1533 piorum

67 1552 240 1595 civium
257 1546 463 1592 officium
477 1559 543 1592 est
553 1580 568 1602 ,
585 1548 758 1608 insequi
772 1546 1026 1593 dissimiles.
1043 1552 1201 1611 Neque
1214 1553 1334 1595 euim

68 1630 175 1674 satis
199 1627 401 1671 amarint
422 1623 563 1669 bonos
581 1626 833 1685 principes,
853 1626 933 1686 qui
957 1626 1098 1671 malos
1117 1630 1222 1673 satis
1241 1642 1333 1672 non

67 1704 269 1750 oderint.
286 1701 465 1760 Adjice,
482 1700 605 1763 quod
627 1703 912 1763 imperatoris
934 1706 1077 1748 nostri
1095 1719 1186 1748 non
1207 1703 1334 1750 aliud

70 1782 272 1844 amplius
283 1814 297 1835 ,
314 1795 367 1825 ac
384 1778 596 1826 diffusius
613 1783 825 1827 meritum
849 1793 916 1827 est
928 1816 942 1836 ,
969 1797 1107 1843 quam
1121 1782 1246 1843 qnod
1259 1786 1335 1828 in-

69 1862 235 1906 sectari
253 1855 400 1903 malos
414 1858 637 1918 principes
657 1870 805 1903 tutum
819 1871 901 1904 est.
924 1861 991 1904 An
1010 1858 1171 1904 excidit
1187 1857 1335 1904 dolori

67 1949 227 1982 nostro
252 1933 390 1979 modo
404 1933 654 1979 vindicatus
672 1934 824 1979 Nero?
844 1936 1121 1994 permitteret
1133 1966 1146 1987 ‚
1170 1932 1331 1991 credo,

69 2015 245 2060 famam
267 2015 500 2072 vitamque
529 2012 625 2071 ejus
650 2015 801 2073 carpi,
828 2014 908 2070 qui
933 2023 1123 2057 mortem
1148 2009 1334 2058 uleisce-

69 2090 236 2144 batur3
262 2103 347 2134 nec
369 2099 426 2138 ,ut
452 2088 497 2131 in
520 2103 566 2132 se
591 2088 710 2134 dicta
737 2090 1126 2148 interpretaretur,
1149 2103 1250 2150 quae
1272 2088 1331 2135 de

63 2165 306 2218 simillimo
324 2164 596 2212 dicerentur.
624 2166 775 2225 Quare
802 2179 910 2225 ego,
930 2166 1096 2223 Cesar,
1119 2166 1328 2226 muneri-
