1650 2550
329 190 412 237 138
649 191 700 235 C.
737 190 977 234 PL1N11
1013 187 1245 234 EPIST.

323 299 466 347 quum
495 285 754 330 transissem
777 285 826 328 in
857 284 1028 327 orarias
1054 281 1312 337 naviculas,
1347 287 1589 329 contrariis

321 361 466 406 ventis
499 372 724 416 retentus,
748 358 981 421 aliquanto
1006 358 1180 404 tardius
1206 348 1590 421 quam'sperave-

322 452 421 482 ram
434 472 446 492 ,
466 436 515 482 id
527 449 619 493 est,
638 451 705 482 xv
726 435 911 482 Calend.
936 429 1123 481 Octobr.
1137 471 1150 492 ‚
1170 436 1429 499 Bithyniam
1450 440 1591 483 intra·

323 519 385 561 vi.
405 517 507 560 Non
530 530 714 577 possum
736 527 887 561 tamen
906 514 963 575 de
982 529 1110 559 mora
1131 517 1288 575 queri,
1308 529 1455 576 quum
1473 515 1591 559 mihi

325 593 585 652 contigerit,
622 592 747 654 quod
781 604 879 638 erat
912 593 1321 652 auspicatissimum
1334 626 1349 646 ,
1390 591 1594 639 natalem

327 682 462 716 tuum
490 671 539 714 in
563 672 795 731 provincia
820 668 1066 715 celebrare.
1100 670 1232 713 Nunc
1259 669 1442 730 reipub.
1475 671 1595 714 Pru-

329 750 528 795 sensium
566 747 822 809 impenffia,
873 745 1071 801 reditus,
1111 745 1340 792 debitores
1383 750 1563 794 excutio
1578 764 1591 791 t

330 824 456 887 quod
476 839 530 869 ex
560 824 659 884 ipso
681 834 877 870 tractatu
888 825 1030 884 magis
1051 838 1104 868 ac
1126 826 1269 884 magis
1287 828 1596 870 necessarium

329 899 545 961 intelligo,
569 898 727 945 Multae
757 901 881 944 enim
906 900 1111 961 pecuniae
1140 901 1279 944 variis
1309 917 1365 946 ex
1395 904 1546 947 causis
1572 916 1599 944 a
1636 946 1637 949 ,

332 981 519 1040 privatis
537 978 822 1023 detinentur:
848 990 1066 1038 praeterea
1086 976 1302 1039 qnaedam
1322 981 1518 1025 minime
1538 979 1598 1025 le·

332 1061 500 1120 gitimis
526 1057 780 1118 sumptibus
810 1068 1069 1117 erogantur.
1093 1058 1201 1102 Haec
1226 1056 1340 1113 tibi,
1371 1059 1596 1111 Domine,

333 1136 496 1197 inipso
508 1137 711 1196 ingressu
727 1149 829 1179 meo
844 1135 1016 1195 scripsi.
1032 1133 1386 1194 Quintodecimo
1406 1134 1596 1181 Calena.

301 1226 308 1232 ·
336 1211 498 1258 Octob.
514 1246 527 1267 ,
554 1214 772 1265 Domine,
795 1212 1075 1271 provinciam
1094 1213 1284 1266 intravi,
1309 1227 1454 1272 quam
1477 1216 1525 1257 in
1547 1227 1598 1257 eo

336 1290 555 1352 obsequio
568 1326 581 1346 ,
605 1293 653 1337 in
675 1307 729 1336 ea
751 1306 856 1352 erga
878 1302 921 1335 te
942 1290 1032 1335 fide
1046 1324 1059 1344 ,
1082 1305 1221 1352 quam
1241 1290 1300 1335 de
1325 1309 1495 1353 genere
1514 1292 1600 1337 hu-

335 1381 474 1411 mano
505 1369 717 1421 mereris,
749 1368 915 1411 inveni.
943 1368 1146 1428 Dispice,
1173 1369 1401 1423 Domine,
1435 1386 1495 1415 an
1518 1386 1600 1416 ne-

337 1447 583 1490 cessarium
599 1457 730 1506 putes
741 1479 754 1500 ,
778 1447 957 1490 mittere
974 1443 1064 1490 huc
1082 1439 1358 1492 mensorem.
1373 1449 1601 1495 Videntur

341 1523 462 1568 enim
479 1537 571 1566 non
587 1522 837 1568 mediocres
862 1524 1062 1583 pecuniae
1083 1538 1213 1584 posse
1233 1529 1447 1571 revocari
1468 1542 1496 1571 a
1517 1542 1598 1571 cu-

341 1598 566 1645 ratoribus
596 1615 811 1670 operum,
841 1603 880 1644 si
912 1615 1131 1645 mensurae
1157 1599 1357 1647 fideliter
1383 1617 1596 1665 aguntur.

343 1680 412 1724 Ita
443 1688 560 1722 certe
577 1680 826 1738 prospicio,
852 1694 904 1723 ex
922 1679 1093 1724 ratione
1110 1680 1438 1739 Prusensium,
1465 1697 1600 1746 quam

343 1769 488 1817 quum
503 1757 693 1801 maxime
714 1766 872 1802 tracto.
