1650 2550
508 238 733 283 LIBER
767 238 930 282 vlu.
1294 236 1346 281 51

26 384 27 387 Ἰ
102 324 165 372 ilie
180 330 225 373 in
242 329 404 375 odium
417 363 432 385 ,
449 329 527 376 hic
544 332 593 375 in
611 331 916 377 reverentiam
934 330 1140 376 vertitur.
1160 331 1226 375 Te
1245 343 1356 373 vero

26 390 27 449 i
100 408 219 452 etiam
232 420 372 471 atque
388 411 529 454 etiam
546 409 778 470 (repetam
791 410 940 468 enim)
959 409 1213 452 meminisse
1225 422 1357 469 opor·

100 494 154 528 tet
171 485 310 531 officii
342 488 409 531 tui
434 486 647 542 titulum,
668 502 722 531 ac
756 485 843 531 tibi
872 487 1024 547 ipsum
1044 487 1355 545 interpretari,

102 561 224 622 quale
255 576 578 625 quantumque
601 566 660 609 sit
685 562 899 608 ordinare
926 575 1092 608 statum
1109 561 1360 608 liberarum
1389 600 1394 605 .

102 640 338 685 civitatum.
360 644 482 686 Nam
503 641 619 703 quid
636 640 922 685 ordinatione
948 639 1152 685 civilius?
1168 638 1282 701 qnid
1299 639 1360 684 li-

103 714 264 764 bertate
284 719 559 781 pretiosius?
578 721 720 764 Porro
743 733 884 779 quam
896 729 1029 779 turpe
1041 751 1056 772 ,
1080 719 1118 763 si
1136 716 1362 761 ordinatio

104 799 342 853 eversione,
358 797 547 843 libertas
562 799 779 843 servitute
794 798 1027 843 mutetur?
1041 795 1224 842 Accedit
1237 794 1363 857 quod

104 874 178 919 tibi
207 889 441 922 certamen
472 889 542 922 est
570 889 750 923 tecum:
775 887 934 921 onerat
955 888 998 921 te
1017 887 1254 937 quaesturae
1275 884 1365 919 luae

103 950 214 998 sama
228 989 242 1009 ,
264 970 408 1016 quam
421 970 474 1000 ex
494 954 704 1017 Bithynia
717 955 935 1015 optimam
951 954 1182 1008 revexisti3
1206 963 1366 998 onerat

104 1034 408 1078 testimonium
429 1034 678 1094 Principis;
706 1045 864 1078 onerat
884 1030 1142 1076 tribunatus
1155 1064 1168 1085 ‚
1190 1041 1365 1092 praetu-

106 1123 176 1163 ra,
203 1122 342 1172 atque
373 1109 471 1155 haec
498 1111 596 1170 ipsa
614 1107 804 1170 legatio,
829 1111 962 1170 quasi
983 1110 1222 1169 praemium
1241 1107 1364 1163 data.

108 1187 203 1246 Quo
224 1189 370 1247 magis
391 1185 632 1232 nitendum
653 1198 746 1242 est,
769 1201 826 1230 ne
849 1188 898 1230 in
920 1184 1165 1247 longinqua
1182 1186 1369 1246 provin-

106 1268 188 1321 cia,
201 1283 345 1330 quam
366 1264 632 1312 suburbana
645 1301 659 1321 ‚
675 1282 733 1312 ne
746 1267 865 1312 inter
883 1266 1140 1322 servientes,
1158 1280 1297 1328 quam
1313 1262 1370 1310 li-

108 1344 234 1392 beros
245 1381 259 1403 ,
294 1362 355 1391 ne
374 1357 494 1391 sorte
510 1379 523 1400 ‚
544 1361 685 1407 quam
698 1344 873 1403 judicio
891 1346 1055 1390 missus
1067 1379 1080 1399 ‚
1100 1360 1158 1391 ne
1179 1345 1306 1389 rudis
1325 1356 1370 1390 et

109 1425 361 1485 incognitus
372 1458 388 1479 ‚
415 1438 555 1485 quam
570 1421 828 1484 exploratus
846 1422 1156 1484 probatusque
1168 1457 1181 1477 ,
1201 1421 1370 1468 huma-

109 1503 207 1547 nior
216 1536 231 1558 ,
246 1499 432 1556 melior,
446 1501 636 1562 peritior
648 1499 787 1546 fuisse
800 1501 1018 1546 videaris:
1036 1517 1182 1563 quum
1196 1503 1252 1547 sit
1264 1499 1374 1546 alio·

110 1583 186 1642 qui
198 1615 212 1635 ‚
229 1593 281 1627 ut
295 1595 416 1641 saepe
431 1578 597 1626 audisti
611 1613 624 1634 ,
639 1594 757 1640 saepe
769 1578 933 1642 legisti,
948 1579 1093 1626 multo
1106 1577 1373 1635 deformius,

113 1661 345 1715 amittere,
379 1675 522 1721 quam
546 1674 640 1703 non
671 1661 851 1722 assequi
876 1658 1075 1704 laudem.
1103 1661 1210 1704 Haec
1239 1658 1376 1704 velim

113 1738 296 1793 credas,
328 1736 457 1799 quod
486 1739 618 1783 initio
635 1736 753 1792 dixi,
782 1740 1009 1798 scripsisse
1037 1752 1109 1782 me
1128 1737 1378 1782 admonen-

114 1826 204 1860 tem
216 1850 229 1871 ,
248 1829 345 1861 non
359 1815 723 1877 praecipientem5
744 1830 1025 1878 quamquam
1043 1815 1379 1876 praecipientem

118 1908 317 1955 quoque.
334 1894 516 1953 Quippe
540 1906 632 1937 non
654 1907 838 1947 vereor,
861 1895 909 1938 in
926 1907 1080 1938 amore
1107 1907 1164 1937 ne
1192 1890 1381 1937 modum

120 1972 399 2015 excesserim.
422 1972 584 2031 Neque
611 1971 734 2013 enim
754 1968 1010 2031 periculum
1032 1980 1125 2022 est,
1148 1984 1205 2015 ne
1227 1970 1285 2014 sit
1304 1968 1380 2012 ni·-

122 2049 263 2095 mium
276 2082 291 2105 ,
314 2047 441 2111 quod
458 2063 557 2094 esse
570 2049 820 2093 maximum
838 2048 989 2094 debet.
1004 2045 1133 2092 vale.
