1650 2550
556 172 778 218 LIBER
812 174 870 217 X.
1255 190 1334 234 ¹9¹
1399 210 1403 213 .

109 272 247 319 capere
262 274 444 323 possem
462 265 522 320 ii,
547 266 630 328 qui
650 280 743 310 non
774 267 971 311 minores
993 264 1191 314 duorum
1209 277 1255 314 et
1275 269 1344 314 vi-

112 337 203 394 giuti
228 355 447 387 annorum
472 354 648 388 essent:
674 354 719 389 et
744 345 854 405 quia
872 345 1091 404 cepissent
1104 379 1117 400 ‚
1142 346 1188 391 in
1212 361 1343 391 sena-

112 421 194 459 tum
212 417 426 481 cujusque
452 420 644 466 civitatis
674 422 978 481 pervenirent.
1008 422 1233 469 Caeterum
1250 437 1343 468 non

110 503 225 554 capto
252 498 516 558 magistram
531 532 545 554 ,
573 513 650 544 eos
672 499 754 560 qui
777 500 976 545 minores
999 501 1180 560 triginta
1201 514 1346 545 anno-

111 580 201 615 rum
215 574 322 630 sint,
346 578 454 637 quin
472 577 784 637 magistratum
800 587 962 638 capere
984 578 1182 638 possint,
1205 579 1254 622 in
1270 593 1345 624 cu-

105 646 212 693 riam
231 652 360 699 etiam
381 651 471 699 loci
499 653 718 717 cujusque
747 669 841 700 non
862 656 1065 702 existimo
1087 654 1176 715 legi
1193 669 1338 715 posse.

110 799 1341 828 Μννννωνννυνινννννννννννννυνννννννννν

565 920 875 971 LXXXV.

360 1060 670 1106 PLINIUS
708 1062 1072 1107 TRAJANO.

212 1193 281 1238 De
297 1192 464 1247 Dione,
485 1194 568 1255 qui
581 1191 790 1255 reliquias
802 1207 912 1238 suas
930 1191 1131 1256 reliqioso
1150 1198 1244 1241 loco

483 1270 715 1334 ponendas
732 1268 963 1315 voluisset.

163 1415 307 1473 Quum
336 1414 491 1457 Prusae
516 1410 576 1456 ad
607 1407 878 1473 Olympum,
911 1411 1104 1456 Domine
1116 1446 1131 1468 ,
1163 1411 1357 1472 publicis

106 1493 287 1554 negotiis
306 1491 424 1537 intra
436 1489 685 1552 hospitium
698 1476 715 1544 ,⁴
727 1487 888 1534 eodem
904 1488 976 1534 die
990 1492 1187 1536 exiturus
1201 1524 1214 1547 ‚
1232 1506 1358 1536 vaca-

105 1585 225 1626 rem,
244 1567 529 1631 Asclepiades
543 1567 829 1626 magistratus
851 1565 1064 1613 indicavit
1082 1566 1360 1630 appellatum

105 1661 178 1694 me
195 1664 223 1693 a
235 1645 428 1694 Claudio
446 1643 692 1704 Eumolpo,
717 1658 860 1705 quum
884 1645 1153 1690 Cocceianus
1172 1646 1291 1689 Dion
1314 1646 1362 1689 in

108 1724 216 1772 bule
240 1727 468 1785 assignare
496 1722 669 1768 civitati
682 1736 822 1784 opus,
852 1723 979 1781 cnjus
1000 1738 1155 1768 curam
1183 1733 1359 1782 egerat,

108 1803 254 1850 vellet.
281 1805 407 1848 Tum
436 1798 689 1860 Eumolpus
714 1800 921 1844 assistens
948 1798 1101 1844 Flavio
1132 1797 1363 1860 Archippo

112 1880 222 1927 dixit
232 1916 246 1937 ,
265 1877 533 1941 exigendam
548 1892 641 1923 esse
660 1892 685 1921 a
700 1878 844 1921 Dione
858 1879 1078 1923 rationem
1091 1876 1239 1937 operis
1252 1908 1265 1928 ,
1290 1890 1367 1920 an-

112 1970 296 2021 tequam
314 1954 496 2018 reipub.
518 1952 793 2009 traderetur,
822 1952 948 2016 quod
968 1951 1098 1998 aliter
1119 1950 1293 1996 fecisset
1314 1967 1366 1996 ac

113 2036 359 2084 debuisset.
381 2033 559 2094 Adjecit
574 2034 709 2078 etiam
720 2065 733 2086 ‚
750 2047 846 2078 esse
864 2034 910 2076 in
924 2029 1084 2076 eodem
1097 2043 1231 2090 opere
1246 2030 1368 2089 posi-

116 2127 208 2163 nm
228 2127 356 2162 tuam
387 2124 608 2168 statuam,
636 2124 681 2158 et
701 2126 892 2174 corpora
922 2107 1203 2173 sepultorum
1221 2109 1368 2155 uxoris
