1650 2550
519 228 736 273 mmm
773 228 832 273 x.
1219 224 1304 287 ¹49

82 385 1297 413 ἋΜνννννννὶΝυ-ιννυννννννννννὶῆνννννννννν

617 515 734 568 XL.

320 666 632 711 PLINIUS
666 664 1030 711 TRAJANO.

172 807 236 855 De
254 810 329 865 iis,
353 812 457 873 qui,
479 824 536 854 ex
556 809 862 865 damnatione,
881 770 1191 872 servibublici.

138 952 278 998 Sava
310 951 623 1012 magnitudine
659 963 739 997 tua
751 984 765 1006 ‚
803 952 1001 997 Domine
1013 986 1028 1007 ,
1066 950 1308 997 descendas

83 1040 232 1090 oportet
251 1029 311 1076 ad
331 1045 457 1076 meas
474 1044 607 1075 curas
619 1063 633 1083 ‚
653 1045 798 1091 quum
812 1028 887 1088 jus
907 1028 1024 1075 mihi
1044 1028 1222 1075 dederis
1240 1045 1311 1076 re-

83 1104 232 1155 serendi
247 1108 309 1155 ad
328 1121 373 1156 te
386 1143 400 1165 ‚
419 1109 480 1155 de
501 1108 668 1171 quibus
686 1108 865 1155 dubito.
882 1112 935 1154 In
953 1108 1177 1171 plerisque
1199 1110 1311 1155 civi-

83 1186 245 1245 tatibus,
265 1189 460 1233 maxime
471 1185 747 1232 Nicomedia
768 1195 813 1232 et
834 1188 984 1232 Niceae
996 1219 1009 1241 ,
1034 1186 1221 1248 quidam
1237 1185 1311 1233 vel

85 1261 115 1309 in
131 1281 237 1328 opus
255 1264 461 1316 damnati
474 1299 488 1321 ‚
507 1263 580 1312 vel
597 1266 644 1310 in
665 1263 827 1311 ludum
840 1300 853 1321 ,
878 1262 1130 1327 similiaque
1146 1263 1218 1311 his
1239 1281 1312 1328 ge-

85 1353 166 1389 nera
182 1351 447 1406 poenamm,
480 1340 771 1403 publicorum
796 1356 1032 1388 servorum
1053 1341 1202 1389 officio
1232 1345 1314 1388 mi-

85 1420 330 1485 uicies-ioque
347 1411 617 1482 fungamur,
640 1433 777 1483 atque
794 1422 932 1467 etiam
943 1453 957 1475 ,
976 1432 1028 1467 ut
1038 1420 1210 1482 publici
1228 1436 1315 1467 ser-

86 1498 130 1554 vi,
153 1515 306 1546 annua
338 1500 593 1561 accipiunt3
621 1498 748 1561 quod
775 1513 859 1560 ego
885 1514 1030 1561 quum
1058 1498 1313 1554 audissem,

86 1572 139 1624 diu
149 1579 438 1642 multumque
445 1578 662 1634 haesitavi,
674 1576 786 1640 quid
793 1577 942 1625 facere
955 1577 1186 1625 deberem.
1196 1580 1317 1624 Nam

87 1664 116 1698 et
132 1657 317 1703 reddere
347 1670 493 1718 poenae
522 1665 625 1716 post
653 1653 840 1715 longum
873 1666 1052 1717 tempus
1078 1654 1317 1717 plerosque

85 1726 149 1786 itm
165 1750 293 1781 senes
306 1770 319 1791 ,
340 1746 413 1789 et,
433 1744 657 1796 quantum
673 1731 951 1789 affirmatur,
969 1731 1205 1794 frugaliter
1223 1747 1318 1777 mo-

87 1804 272 1874 desteque
293 1812 495 1857 viventes
507 1846 520 1867 ,
534 1813 668 1857 nimis
685 1825 893 1856 severum
911 1808 1192 1862 arbitrabar;
1211 1810 1320 1854 etin

88 1886 252 1943 publicis
282 1886 444 1934 officiis
476 1888 669 1934 retinere
697 1886 934 1933 damnatos
947 1920 960 1942 ,
992 1900 1083 1930 non
1103 1885 1209 1929 satis
1235 1882 1320 1927 ho-

90 1974 241 2014 nestum
257 1966 503 2031 putabam:
524 1966 707 2012 eosdem
722 1981 885 2012 rursus,
896 1982 924 2010 a
940 1961 1176 2024 republica
1194 1962 1320 2021 pasci
1396 1991 1401 2002 ι

92 2043 244 2100 otiosos,
259 2043 436 2100 inutile3
452 2059 545 2089 non
555 2046 693 2105 pasci,
709 2046 846 2090 etiam
860 2039 1166 2105 periculosum
1179 2041 1324 2085 existi·

93 2121 263 2171 mabam.
279 2124 543 2169 Necessario
556 2137 661 2185 ergo
681 2137 777 2167 rem
792 2133 933 2167 totam
945 2155 958 2176 ,
979 2119 1091 2165 dum
1105 2129 1150 2165 te
1162 2133 1321 2164 consu-

95 2188 206 2248 ἥκω
217 2236 231 2258 ,
244 2203 295 2247 in
308 2213 528 2262 suspenso
541 2197 723 2261 reliqui.
738 2199 922 2259 Quaeres
935 2195 1123 2242 fortasse
1136 2227 1153 2254 ,
1168 2208 1324 2256 quem-
