1650 2550
329 222 408 270 172
645 213 698 257 c.
736 211 982 258 PLmn
1014 213 1249 259 EPIST.

852 497 1072 548 LXVI.

590 644 898 693 PLINIUS
932 643 1300 690 TRAJANO.

640 787 711 832 De
730 786 953 850 Archippo
968 783 1248 849 philosopho.

381 931 529 990 Quum
542 929 730 975 citarem
745 928 920 989 judices
931 963 945 984 ,
965 929 1162 972 Domine
1174 961 1188 982 ,
1214 940 1502 976 conventum
1517 932 1583 976 in·

319 1007 564 1053 choaturus
576 1041 589 1063 ,
620 1006 803 1052 Flavius
836 1005 1089 1068 Archippus
1111 1008 1401 1052 vacationem
1431 1021 1581 1069 petere

319 1088 477 1148 coepit,
497 1099 549 1133 ut
574 1083 885 1148 philosophus.
905 1086 1111 1129 Fuerunt
1131 1085 1214 1146 qni
1235 1083 1474 1143 dicerent,
1493 1100 1578 1131 non

317 1161 606 1210 liberandum
621 1177 726 1208 eum
732 1161 968 1222 judicandi
980 1165 1244 1209 necessitate
1259 1196 1272 1218 ,
1294 1162 1377 1209 sed
1394 1166 1579 1209 omnino
1640 1206 1641 1209 ,

317 1240 570 1288 tollendum
579 1241 636 1288 de
645 1239 851 1303 judicum
862 1255 1056 1287 numero
1066 1276 1080 1298 ‚
1094 1239 1486 1305 reddendumque
1495 1256 1579 1304 po·

317 1333 412 1374 nae,
445 1334 586 1381 quam
611 1318 764 1365 fractis
793 1316 984 1364 vinculis
1013 1318 1243 1364 evasisset.
1276 1319 1489 1366 Recitata
1514 1329 1577 1363 est

316 1396 537 1456 sententia
558 1394 678 1440 Velii
699 1394 826 1440 Pauli
847 1392 1154 1457 proconsulis,
1176 1407 1269 1454 qua
1294 1394 1577 1456 prolwahatnr
1640 1409 1641 1456 j

319 1470 574 1533 Archippus
604 1474 792 1519 crimine
826 1470 930 1517 falsi
955 1471 1197 1519 damnatus
1228 1474 1276 1517 in
1307 1472 1572 1520 metallum:

317 1550 393 1596 ille
402 1548 514 1596 nihil
528 1550 805 1612 proferebat,
819 1566 912 1613 quo
925 1552 1182 1598 restitutum
1193 1565 1241 1596 se
1254 1549 1444 1598 doceret
1456 1569 1469 1597 z
1479 1550 1578 1597 alle·
1640 1569 1641 1610 ξ

315 1627 454 1690 gabat
474 1639 624 1673 tamen
645 1642 730 1689 pro
755 1630 1038 1674 restitutione
1058 1638 1105 1673 et
1124 1625 1337 1673 libellum
1362 1644 1389 1673 a
1407 1644 1458 1675 se
1482 1631 1574 1674 Do·-
1640 1619 1641 1678 ᾗ

320 1707 507 1751 mitiano
524 1704 682 1749 datum
693 1738 708 1759 ‚
728 1717 773 1750 et
786 1703 997 1766 epistolas
1011 1704 1107 1764 ejus
1125 1703 1186 1749 ad
1201 1703 1430 1753 honos-em
1446 1721 1573 1753 suum
1640 1699 1641 1756 Ῐ

320 1783 593 1844 pertinentes
605 1815 618 1836 ,
639 1793 685 1826 et
704 1780 936 1827 decretum
949 1783 1257 1827 Prusensium.
1273 1782 1492 1831 Addebat
1508 1783 1573 1828 his
1640 1805 1641 1818 π

321 1871 368 1905 et
386 1871 486 1905 tuas
507 1858 676 1903 litteras
698 1857 885 1918 scriptas
910 1856 1027 1904 sibi:
1051 1856 1251 1903 addebat
1276 1871 1322 1904 et
1343 1863 1486 1921 patris
1510 1858 1569 1904 tui

321 1935 517 1982 edictum
529 1968 544 1989 ,
563 1945 609 1979 et
620 1932 880 1994 epistolam,
896 1933 1063 1995 quibus
1081 1933 1396 1984 confirmasset
1412 1935 1570 1983 benefi-

320 2016 392 2058 cia
411 2027 440 2055 a
456 2012 715 2057 Domitiano
732 2009 854 2056 data.
870 2013 1053 2073 Itaque,
1078 2015 1290 2073 quamvis
1308 2015 1458 2061 eidem
1472 2012 1570 2060 talia

315 2091 507 2137 crimina
523 2086 875 2149 applicarentur,
896 2089 1013 2135 nihil
1032 2090 1372 2139 decernendum
1395 2092 1562 2156 putavi,

318 2167 460 2212 donec
481 2164 761 2211 consulerem
782 2164 840 2211 dc
863 2180 943 2222 eo,
967 2168 1094 2229 quod
1114 2169 1230 2216 mihi
1255 2174 1561 2219 constitutione
1640 2167 1641 2208 ἶ
