1650 2550
249 137 333 192 164
570 135 623 180 C.
662 134 1177 179 PLINIIEPIST.

243 248 345 280 sum
373 242 439 276 est
456 230 568 275 mihi
585 264 598 284 ,
622 246 787 291 cupere
810 229 997 292 quidem
1023 231 1283 282 universos,
1310 240 1363 274 ut
1383 243 1415 272 a
1438 245 1526 274 me

240 311 435 354 rationes
458 308 643 353 coloniae
662 306 921 368 legerentur
934 342 945 361 ‚
966 319 1221 367 numquam
1240 316 1393 350 tamen
1412 322 1525 351 esse

240 386 377 432 lectas
400 385 459 430 ab
482 386 575 431 ullo
601 385 952 446 proconsulum:
978 384 1195 429 babuisse
1218 384 1525 445 privilegium

244 474 289 508 et
302 464 653 507 vetustissimum
665 477 839 507 morem
851 496 865 516 ,
881 461 1069 506 arbitrio
1079 476 1163 505 suo
1173 460 1521 521 rempublicam

201 570 206 577 .
246 532 577 583 administrare.
594 540 754 600 Exegi,
770 549 820 583 ut
838 553 939 599 quae
961 537 1176 582 dicebant
1188 571 1202 592 ,
1218 553 1414 599 quaeque
1440 552 1523 581 re-

247 616 470 670 citabant,
491 616 642 661 libello
661 616 1084 677 complecterentur,
1104 632 1246 677 quem
1266 616 1352 662 tibi
1365 650 1377 671 ,
1398 630 1526 675 qua-

249 694 340 739 lem
359 710 619 756 acceperam
634 730 647 750 ,
667 696 799 739 misi:
824 696 1033 755 quamvis
1056 693 1360 755 intelligerem
1378 732 1391 751 ,
1410 693 1524 755 ple-

251 788 393 834 raque
403 789 455 817 ex
468 771 563 826 illo,
573 772 634 816 ad
648 772 711 827 id,
727 772 785 816 de
799 787 893 833 quo
906 773 1141 832 quaeritur,
1156 787 1251 816 non
1270 775 1523 833 pertinere.

250 852 316 895 Te
330 865 437 910 rogo
451 885 463 905 ‚
477 861 529 894 ut
543 849 654 893 mihi
669 851 913 910 praecipere
927 849 1121 909 digneris
1135 884 1149 904 ‚
1166 851 1286 910 quid
1301 867 1376 896 me
1389 863 1524 912 putes

254 927 491 973 observare
510 927 690 972 debere.
705 930 878 972 Vereor
895 929 1015 972 enim
1030 961 1043 980 ‚
1067 942 1124 971 ne
1146 940 1229 973 aut
1253 931 1523 982 excessisse,

253 1017 334 1051 aut
345 1021 436 1050 non
451 1004 657 1066 implesse
674 1002 811 1048 officii
828 1006 920 1048 mei
940 1014 1090 1065 partes
1108 1003 1289 1048 videar.

257 1157 1516 1179 mmmmmmmmmm

790 1275 833 1324 L
846 1271 893 1321 V
906 1271 928 1321 1
942 1271 979 1321 1.

529 1421 816 1465 TRKJAN
834 1422 919 1465 US
955 1421 1240 1466 PLINIO.

315 1561 376 1605 Ut
390 1560 690 1623 Apameorum
713 1563 903 1607 rationes
926 1564 1231 1624 inspiciantur,
1251 1569 1477 1629 praeemit.

326 1706 548 1749 Limatus
556 1703 865 1763 Apameorum
876 1739 888 1759 ‚
902 1720 1036 1766 quem
1052 1705 1253 1766 epistolae
1272 1708 1530 1768 tuaejuuxe-

266 1798 364 1837 ras,
388 1783 558 1827 remisit
584 1780 695 1825 mihi
721 1783 1029 1827 necessitatem
1056 1781 1371 1843 perpendendi
1413 1803 1529 1847 qua·

266 1859 328 1905 iia
347 1871 493 1905 essent
505 1894 518 1914 ,
533 1871 719 1921 propter
735 1874 839 1919 quae
851 1859 996 1905 videri
1009 1859 1184 1913 volunt,
1207 1876 1285 1905 eos
1297 1895 1310 1916 ,
1337 1866 1419 1925 qui
1443 1879 1525 1925 pro

270 1935 529 1983 consulibus
560 1936 677 1981 hanc
713 1939 993 1996 provinciam
1024 1937 1346 1995 obtinuerunt,
1389 1940 1528 1987 absti-

269 2017 419 2074 nuisse
437 2015 709 2074 inspectione
728 2015 956 2060 rationum
973 2030 1157 2060 suarum
1169 2050 1183 2070 ,
1208 2033 1355 2078 quum
1376 2022 1525 2079 ipsum

271 2101 342 2143 te,
366 2101 418 2136 ut
441 2103 517 2134 eas
543 2090 807 2148 inspiceres,
838 2104 929 2135 non
949 2094 1271 2140 recusaverint.
1297 2097 1525 2142 Remune-
