1650 2550
374 132 719 180 TRAJAN’O
752 136 1046 181 DICTUS.
1252 133 1337 181 281

55 227 364 276 effeminatas
394 239 514 272 artes
528 262 542 282 ‚
576 240 622 274 et
652 229 865 274 indecora
896 227 1047 275 seculo
1060 227 1246 275 ·studia.
1276 231 1342 274 Ex

59 323 155 369 qno
175 304 490 353 manifestum
513 320 579 353 est
600 310 856 370 principum
875 306 1158 369 disciplinam
1180 323 1341 369 capere

60 388 205 431 etiam
227 384 426 444 *tolgan
451 399 595 445 quum
617 401 714 432 rem
731 419 744 439 ,
768 387 804 430 si
826 385 887 430 ab
909 401 1002 430 nno
1018 385 1098 430 fiat
1114 420 1127 439 ,
1154 387 1340 431 severis·

66 464 239 507 simam
255 460 453 506 fecerint
470 476 639 506 omnes.
662 464 809 508 Macte
832 462 917 507 hac
935 464 1164 522 gravitatis
1181 461 1340 521 gloria,

65 542 245 594 Caesar,
270 554 371 600 qua
392 552 695 600 consequutus
719 555 791 594 es,
818 552 896 593 ut,
919 540 1044 601 quod
1061 552 1191 584 antea
1210 540 1363 585 viset·

66 618 330 679 imperium
345 649 359 669 ,
382 631 503 661 nunc
525 632 673 662 mores
694 629 980 662 vocarentur.
1007 618 1346 676 Castigavemng

66 695 181 740 vitia
212 708 302 736 sua
332 694 422 751 ipsi
443 693 524 754 qui
545 694 750 752 castigari
772 692 1092 739 merebantur:
1119 691 1347 751 iidemque

70 767 404 815 emendatores
423 770 503 828 qui
525 768 795 813 emendandi
813 768 1013 815 fuerunt.
1034 770 1195 830 ltaque
1213 783 1348 815 nemo

71 847 133 894 de
168 848 420 893 severitate
446 857 526 891 tua
553 848 776 908 queritur,
810 858 857 892 et
881 845 1078 892 liberum
1108 858 1175 891 est
1201 847 1346 906 queri.

73 923 169 972 Sed
198 937 357 985 quum
380 925 446 968 ita
472 934 784 983 comparatum
806 925 888 977 sit,
912 935 963 967 ut
984 923 1041 967 de
1059 921 1184 968 nullo
1204 923 1352 969 minus

73 1004 298 1067 principe
312 1011 565 1061 querantur
581 999 787 1044 homines
800 1034 814 1054 ,
831 1016 971 1062 quam
984 1000 1042 1045 de
1056 1016 1147 1062 quo
1163 1002 1355 1046 maxime

77 1080 189 1126 licet
203 1097 218 1135 ;
239 1090 341 1125 tum
363 1089 442 1123 tuo
456 1075 607 1122 seculo
620 1076 736 1121 nihil
749 1089 816 1122 est
828 1111 841 1131 ,
858 1093 951 1137 quo
965 1093 1057 1122 non
1070 1092 1203 1123 omne
1216 1078 1359 1123 homi·

81 1173 203 1204 num
223 1171 370 1217 genus
393 1153 569 1201 laetetur
586 1168 630 1200 et
651 1154 861 1217 gaudeat.
887 1157 998 1199 Boni
1019 1153 1354 1214 provehuntur3

81 1234 230 1291 mali,
257 1235 340 1296 qui
358 1244 426 1279 est
446 1231 843 1295 tranquillissimus
870 1243 1010 1277 status
1036 1232 1249 1287 civitatis,
1277 1249 1360 1280 nec

81 1315 259 1360 timent
271 1345 285 1366 ‚
296 1326 382 1355 nec
395 1311 624 1356 timemur.
637 1308 835 1354 Mederis
847 1307 1076 1362 erroribus
1088 1342 1101 1362 ,
1113 1310 1192 1353 sed
1204 1309 1364 1371 implo-

85 1391 333 1446 rantibns;
355 1388 657 1449 omnibusque
669 1422 682 1442 ‚
703 1403 817 1449 quos
840 1386 982 1432 bonos
1000 1384 1109 1431 facis
1121 1421 1134 1443 ‚
1151 1387 1266 1433 hanc
1279 1388 1363 1433 ad-

87 1471 232 1516 struis
259 1466 442 1512 laudem
456 1500 469 1520 ‚
493 1480 550 1509 ne
572 1466 767 1524 coegisse
789 1462 999 1507 videaris.

153 1546 325 1592 van
333 1577 343 1587 .
356 1544 482 1603 an
492 1543 632 1586 vitam
646 1575 659 1596 ,
670 1541 781 1603 quid
791 1555 939 1585 mores
943 1540 1080 1599 juven
1086 1542 1191 1585 tutis
1203 1575 1216 1595 ‚
1228 1555 1367 1600 qnam

91 1619 420 1688 principaliter
444 1618 642 1664 formas?
662 1634 801 1679 quem
825 1616 1045 1663 honorem
1067 1618 1247 1662 dicendi
1270 1634 1368 1663 ma-

92 1702 250 1763 gistris
262 1733 276 1754 ,
297 1711 438 1759 quam
451 1695 755 1755 dignationem
769 1696 997 1755 sapientiae
1014 1692 1275 1738 doctoribus
1292 1694 1372 1738 ha-

93 1778 182 1824 bes
199 1778 212 1821 !
237 1787 290 1820 ut
302 1771 390 1819 sub
404 1785 449 1820 te
467 1771 1061 1842 ⁸2201‘3‘mQ25233-1239me
1074 1804 1088 1823 ,
1102 1772 1368 1844 ’ci-patria?

96 1835 376 1923 tht
400 1851 547 1924 Q
561 1886 572 1904 ‚
596 1868 697 1913 quae
717 1853 921 1911 priorum
940 1835 1198 1908 teni-porum
1208 1849 1372 1893 imma·

99 1937 223 1980 nitas
237 1930 402 1978 exsiliis
419 1929 663 1991 puniebam
676 1944 820 1990 quum
837 1926 923 1972 sibi
937 1928 1148 1972 vitiorum
1165 1926 1371 1971 omnium

102 2011 318 2057 conscius
339 2009 573 2070 princeps,
605 2008 809 2052 inimicas
843 2006 963 2050 vitiis
992 2015 1109 2047 artes
1139 2017 1233 2046 non
1267 2002 1372 2048 odio

105 2089 257 2148 magis
288 2100 430 2147 quam
460 2086 711 2130 reverentia
741 2080 985 2143 relegaret!
1020 2081 1078 2124 At
1109 2079 1377 2130 tu,easdem

324 2177 340 2207 1
355 2177 386 2210 ι,
1164 2173 1217 2222 19
