1650 2550
520 189 745 232 LIBER
780 190 872 233 lx.
1280 182 1344 230 55'

597 468 698 518 III
732 488 813 546 (¹).

398 613 744 659 PAULINO
776 614 914 659 SUO
950 615 994 658 S.

247 755 408 812 Quam
430 757 489 800 sit
511 753 748 817 illefeIix,
775 757 857 818 qui
877 754 988 800 bene
1010 755 1150 800 audae't.

124 899 268 942 Auus
285 896 431 942 alium
443 931 458 952 ,
477 912 562 958 ego
575 896 893 945 beatissimum
911 897 1117 942 existimo
1128 930 1142 952 ‚
1162 898 1242 958 qui
1257 896 1337 942 bo-

72 988 134 1020 m:
162 990 484 1037 mansuraeque
511 974 646 1019 famae
680 976 1033 1037 praesumptione
1059 973 1335 1035 perfruitur,

72 1064 304 1114 tenusque
328 1054 633 1114 posteritatis,
658 1068 763 1098 cum
786 1052 942 1098 futura
960 1051 1104 1113 gloria
1125 1054 1250 1098 vivit.
1271 1056 1337 1099 Ac

73 1128 201 1183 nihi,
229 1132 319 1175 nisi
341 1131 586 1192 praemium
608 1132 868 1175 aeternitatis
894 1142 999 1176 ante
1028 1128 1209 1184 oculos,
1233 1133 1339 1191 pin-

74 1207 282 1266 gncillud
308 1206 551 1270 altumque
581 1209 727 1254 otium
760 1208 951 1268 placeat.
980 1209 1158 1254 Etenim
1180 1223 1337 1254 omnes

77 1285 271 1332 homines
321 1286 524 1333 arbitror
572 1299 782 1348 oportere
822 1299 904 1332 aut
953 1285 1338 1332 immortalitatem

78 1379 220 1421 mam,
245 1378 329 1412 aut
358 1364 683 1412 mortalitatem
710 1368 935 1426 cogitare:
960 1378 1007 1411 et
1029 1365 1129 1410 illos
1151 1365 1339 1427 quidem

78 1443 339 1490 contendere
352 1478 367 1499 ,
392 1446 527 1499 eniti3
548 1442 633 1503 hos
653 1445 886 1503 quiescere
898 1477 910 1497 ,
931 1444 1100 1489 remitti
1112 1478 1125 1498 ,
1142 1459 1224 1488 nec
1238 1442 1338 1488 bre·

80 1536 171 1567 vem
203 1526 348 1569 vitam
381 1523 565 1569 caducis
601 1522 835 1568 laboribus
872 1521 1086 1584 fatigare:
1123 1535 1174 1569 ut
1205 1522 1337 1568 video

82 1597 235 1644 multos
248 1634 263 1655 ‚
282 1602 453 1645 misera
467 1598 604 1645 simul
617 1611 662 1644 et
676 1601 851 1660 ingrata
868 1600 1063 1660 imagine
1078 1599 1310 1645 industriae
1322 1633 1336 1655 ,

82 1675 134 1719 ad
162 1675 384 1723 vilitatem
413 1678 488 1723 sui
518 1680 773 1738 pervenire.
803 1678 908 1722 Haec
935 1692 1018 1737 ego
1041 1689 1214 1731 tecum,
1235 1692 1337 1739 quae

82 1755 273 1812 qnotidie
292 1771 502 1809 mecum,
522 1768 576 1801 ut
594 1754 798 1800 desinam
812 1771 993 1801 mecum
1006 1789 1019 1811 ‚
1044 1758 1081 1799 si
1103 1755 1338 1801 dissenties

84 1843 151 1886 [¹13
177 1850 461 1898 quamquam
481 1850 575 1880 non
596 1833 828 1881 dissenties
841 1870 854 1890 ,
870 1847 920 1881 ut
941 1838 1024 1896 qui
1049 1851 1227 1897 semper
1247 1833 1341 1880 cla-

83 1924 175 1956 rum
194 1912 370 1975 aliquid
383 1926 430 1960 et
448 1910 706 1958 immortale
721 1912 953 1958 meditere.
975 1910 1103 1957 Vale.

136 2011 191 2068 (ι)
214 2014 286 2055 ilic
302 2014 406 2057 adeo
423 2012 687 2070 perturbatur
706 2014 748 2054 in
765 2012 838 2055 Ed.
859 2017 922 2056 Pr.
943 2012 1043 2055 ordo
1057 2013 1314 2069 epistolarum
1325 2043 1336 2061 ,

87 2087 126 2118 nt
142 2081 247 2123 nulla
266 2083 349 2125 fere
363 2083 503 2126 locum
522 2081 727 2130 obtineat,
748 2096 869 2137 quem
890 2085 930 2125 in
951 2081 1251 2139 posterioribus.
1269 2081 1340 2123 Ni·

88 2144 137 2188 hil
157 2151 399 2194 movendum
421 2161 562 2193 tamen
582 2150 820 2192 censuimus.
