1650 2550
510 182 734 227 Lmen
767 183 929 229 vlu.
1294 182 1355 243 43

107 290 198 334 tar3
217 291 570 337 nonnumquam
586 275 811 322 destitutae
829 275 1153 339 tranquillitate
1172 278 1359 340 singulas

105 353 285 402 fluitant.
310 359 438 416 Saepe
461 355 662 398 minores
684 353 934 413 majoribus
950 388 963 409 ,
988 353 1112 401 velut
1134 355 1357 419 cymbula

107 436 310 480 onerariis
326 467 339 487 ‚
359 431 706 486 adhaerescunu
726 446 842 493 saepe
860 434 979 478 inter
995 448 1041 478 se
1059 433 1253 494 majores
1272 436 1360 479 mi-

30 518 33 577 ζ
108 526 318 573 noresque
350 511 486 573 quasi
517 524 706 554 cursum
736 521 1054 572 certamenque
1085 509 1358 557 desumunt:

30 582 31 639 ᾗ
109 604 253 634 rursus
266 602 428 633 omnes
447 590 496 631 in
518 584 734 632 eumdem
751 586 906 632 locum
923 586 1125 649 appulsae
1137 624 1151 644 ,
1169 604 1261 651 qua
1274 601 1364 636 ste-

109 678 270 721 terunt,
296 676 570 727 promovent
601 676 795 720 terram,
828 675 875 709 et
905 664 1044 710 modo
1076 664 1162 711 bac
1178 700 1192 722 ,
1223 666 1363 712 modo

30 724 31 771 3
110 741 199 789 illac
209 778 222 798 ,
238 743 392 788 lacum
407 740 608 787 reddunt
622 739 953 803 auferuntque;
969 757 1024 787 ac
1036 753 1137 788 tum
1149 741 1334 790 demum
1345 777 1360 799 ,

111 821 458 886 quunssnedium
469 833 672 874 tenuere,
683 835 774 865 non
785 820 1074 868 contrahunt.
1088 823 1275 869 Constat
1288 838 1365 884 pe-

109 915 203 946 cora
214 900 380 946 herbas
390 910 586 961 sequuta
599 933 613 954 ‚
630 901 692 944 sic
709 901 757 944 in
771 897 941 944 insulas
955 899 1071 957 illas,
1095 903 1206 946 utin
1219 912 1366 947 extre-

110 991 221 1022 mam
236 979 385 1040 ripam
397 1010 411 1030 ‚
426 974 674 1037 procedere
689 974 833 1021 solere
850 1010 863 1032 ,
878 991 961 1021 nec
974 977 1101 1037 prius
1113 975 1364 1038 intelligere

112 1054 268 1100 mobile
288 1052 439 1100 solum
454 1086 467 1106 ‚
487 1067 626 1115 quam
645 1050 786 1097 littori
803 1051 992 1114 abrepta
1003 1088 1015 1108 ‚
1031 1056 1161 1114 quasi
1176 1052 1303 1100 illata
1320 1066 1367 1101 et

112 1132 339 1195 imposita,
373 1129 705 1176 circumfusum
737 1128 940 1192 undique
967 1129 1116 1176 lacum
1142 1144 1361 1191 paveant;

110 1225 207 1255 mox
218 1245 230 1265 ‚
247 1224 342 1272 quo
358 1208 514 1255 tulerit
527 1219 704 1260 ventus,
719 1222 921 1267 egressa,
946 1222 1036 1253 non
1059 1211 1199 1270 magis
1219 1224 1264 1254 se
1278 1207 1364 1255 de-

112 1288 331 1336 scendisse
348 1289 514 1333 sentire
527 1320 540 1341 ‚
564 1300 702 1346 quam
723 1288 944 1331 senserint
959 1285 1222 1333 ascendisse.
1239 1286 1368 1334 Idem

110 1367 228 1413 lacus
251 1369 297 1412 in
321 1365 496 1411 flumen
523 1365 745 1424 egeritur,
778 1363 930 1425 quod,
954 1363 1035 1409 ubi
1065 1380 1111 1409 se
1138 1365 1367 1428 paulisper

112 1444 248 1491 oculis
281 1442 412 1489 dedit
425 1477 438 1498 ,
471 1456 610 1503 specu
635 1444 880 1501 mergitur,
920 1439 1098 1503 alteque
1134 1441 1368 1489 conditum

110 1534 255 1569 meat:
279 1537 335 1567 ac
362 1522 401 1565 si
428 1517 543 1580 quid
561 1530 665 1564 ante
678 1552 691 1574 ,
721 1533 863 1580 quam
881 1517 1226 1575 subduceretur,
1244 1534 1372 1566 acce-

106 1604 196 1661 pit,
226 1611 380 1646 servat
405 1610 452 1645 et
476 1596 668 1660 profert.
702 1599 807 1642 Haec
835 1596 918 1642 tibi
948 1599 1128 1659 scripsi,
1159 1599 1264 1659 quia
1287 1614 1371 1643 nec

108 1682 255 1723 minus
276 1680 433 1739 ignota
446 1710 460 1731 ,
477 1690 620 1737 quam
639 1673 752 1719 mihi
766 1708 780 1730 ,
803 1690 888 1720 nec
905 1676 1055 1720 minus
1068 1687 1195 1735 grata
1216 1674 1373 1721 crede-

110 1754 231 1801 bam.
256 1757 377 1800 Nam
396 1766 442 1799 te
464 1767 651 1815 quoque
665 1784 678 1804 ,
699 1763 752 1797 ut
767 1767 869 1809 me,
887 1751 1003 1797 nihil
1020 1767 1148 1814 aeque
1165 1766 1217 1797 ac
1237 1765 1373 1798 natu·

112 1848 171 1878 rae
187 1848 330 1895 opera
353 1831 598 1878 delectant.
620 1828 748 1876 vale.
