1650 2550
296 185 388 232 236
656 184 1189 229 PANEGYRICUS

289 280 374 326 tibi
406 276 592 325 deberet
621 279 891 340 imperium,
925 280 962 324 si
998 291 1103 324 ante
1136 277 1381 339 adoptatus
1419 291 1558 323 esses.

291 358 606 417 Exspectatum
621 367 690 401 est
707 369 887 416 tempus
908 358 952 400 in
975 370 1069 416 quo
1091 355 1291 418 liqueret
1306 390 1321 410 ,
1349 370 1452 401 non
1471 369 1562 400 tam

291 436 513 496 accepisse
536 447 580 481 te
601 434 873 480 beneficium
896 451 1036 496 quam
1057 434 1251 482 dedisse.
1273 435 1498 496 Confugit
1519 435 1562 477 in

292 516 442 560 sinum
461 525 594 560 tuum
615 529 832 560 concussa
853 513 1134 575 respublicn;
1157 530 1390 576 ruensque
1410 516 1562 575 impe·

291 595 413 638 rium
434 607 571 653 snper
588 593 908 652 imperatorem
932 593 1218 653 imperatoris
1240 592 1325 639 tibi
1348 608 1465 638 voce
1483 592 1559 638 de·

293 669 439 717 latum
465 682 546 716 est.
568 668 840 731 Imploratus
859 668 1102 730 adoptione
1116 703 1129 723 ‚
1149 683 1196 715 et
1222 673 1396 716 accitus
1416 688 1466 716 es
1483 705 1496 725 ,
1514 681 1564 716 ut

289 748 401 796 olim
432 749 568 794 duces
594 749 744 808 magni
771 761 797 791 a
828 748 1079 808 peregrinis
1106 751 1397 811 externisque
1429 747 1560 795 bellis

289 828 349 874 ad
384 841 517 889 opem
552 827 710 887 patriae
740 824 974 870 ferendam
1002 828 1206 870 revocari
1223 826 1465 875 solebant.
1496 828 1559 871 lta

291 906 411 953 filius
430 922 482 951 ae
499 919 662 966 parens
675 919 768 948 nno
781 903 1034 965 eodemque
1048 915 1285 949 momento
1304 920 1404 951 rem
1418 906 1561 951 maxi·

291 1000 415 1030 mam
428 986 619 1029 invicem
634 982 898 1043 praestitistis
916 997 927 1026 t
946 980 1022 1027 ille
1035 981 1121 1026 tibi
1139 982 1388 1042 imperinm
1408 983 1558 1036 dedit,

290 1074 343 1108 tu
355 1061 422 1108 illi
440 1060 691 1107 reddidisti.
707 1058 838 1105 Solus
856 1074 963 1119 ergo
978 1058 1037 1105 ad
1055 1057 1143 1103 hoc
1162 1062 1246 1105 aevi
1266 1075 1354 1121 pro
1372 1076 1559 1106 munere

293 1152 420 1187 tanto
446 1140 570 1201 paria
599 1136 860 1199 accipiendo
888 1136 1060 1192 fecisti,
1094 1139 1189 1182 imo
1220 1137 1344 1184 ultra
1374 1140 1558 1185 dantem

295 1218 503 1280 obligasti
515 1233 526 1262 :
548 1217 882 1262 communicato
894 1217 1015 1260 euim
1028 1218 1222 1278 imperio
1233 1216 1472 1264 sollicitior
1485 1232 1531 1264 tu
1543 1232 1555 1261 z

300 1297 379 1344 ille
402 1298 604 1342 securior
620 1296 766 1342 factus
784 1308 867 1341 est.

355 1376 474 1420 vll.
488 1375 536 1419 D
549 1387 719 1420 novun
739 1383 877 1434 atque
895 1370 1153 1418 inauditnm
1171 1372 1233 1418 ad
1250 1375 1555 1437 principatum

294 1450 402 1498 iter!
419 1465 509 1495 non
529 1462 573 1496 te
586 1451 773 1512 propria
786 1448 1010 1510 cupiditas
1022 1482 1034 1502 ‚
1056 1451 1273 1510 proprius
1290 1463 1444 1498 metus
1455 1486 1469 1507 ,
1482 1448 1558 1496 sed

293 1528 441 1575 aliena
467 1526 661 1582 utilitas,
693 1527 869 1572 alienus
890 1529 1026 1572 timor
1046 1528 1305 1589 principem
1333 1528 1459 1575 fecit.
1481 1529 1558 1572 vi-

295 1606 443 1652 dearis
461 1603 565 1650 licet
582 1603 706 1664 quod
725 1616 793 1650 est
810 1603 1140 1665 amplissimum
1156 1619 1469 1668 consequutus
1485 1607 1556 1651 iu-

296 1697 367 1731 ter
396 1683 625 1736 homines,
653 1680 826 1728 felicius
857 1693 1007 1727 tamen
1034 1693 1130 1727 erat
1158 1680 1274 1727 illud
1302 1684 1433 1744 quod
1458 1682 1557 1729 reli·

296 1764 435 1827 quisti
452 1778 463 1807 ι
486 1761 572 1807 snb
588 1760 711 1807 bono
732 1762 937 1823 principe
950 1763 1152 1822 privatus
1166 1776 1263 1807 esse
1277 1762 1469 1810 desiisti.
1486 1767 1556 1808 As·

298 1854 507 1903 sumptus
534 1856 581 1886 es
604 1841 651 1885 in
674 1838 886 1886 laborum
909 1854 1213 1901 curarumque
1241 1845 1550 1895 consortium,

294 1936 379 1966 nec
398 1933 442 1966 te
465 1918 566 1964 laeta
591 1929 637 1964 et
661 1931 880 1979 prospera
903 1918 1106 1963 stationis
1126 1914 1276 1972 illins,
1297 1919 1382 1964 sed
1405 1932 1552 1982 aspen

293 2008 341 2043 et
359 1997 475 2043 dura
497 1995 555 2041 ad
578 1994 899 2056 capessendam
916 2009 1017 2040 eam
1040 1993 1365 2056 compulerunt
1380 2014 1394 2043 ε
1416 2012 1554 2044 susce·

294 2075 399 2132 pisti
424 2072 693 2132 imperium,
716 2083 959 2132 postquam
982 2070 1124 2116 alium
1147 2076 1348 2135 suscepti
1371 2078 1552 2137 poenite·

294 2148 390 2193 bat.
406 2145 541 2191 Nulla
556 2145 758 2206 adoptati
771 2163 876 2193 eum
892 2164 946 2194 eo
960 2151 1040 2210 qni
1059 2149 1313 2213 adoptabat
1325 2155 1549 2216 cognatio,
