<?xml version="1.0" encoding="UTF-8"?>
<!DOCTYPE html PUBLIC "-//W3C//DTD XHTML 1.0 Transitional//EN"
    "http://www.w3.org/TR/xhtml1/DTD/xhtml1-transitional.dtd">
<html xmlns="http://www.w3.org/1999/xhtml" xml:lang="en" lang="en">
 <head>
  <title>
</title>
<meta http-equiv="Content-Type" content="text/html;charset=utf-8" />
  <meta name='ocr-system' content='tesseract 3.04.00' />
  <meta name='ocr-capabilities' content='ocr_page ocr_carea ocr_par ocr_line ocrx_word'/>
</head>
<body>
  <div class='ocr_page' id='page_1' title='image "./cpliniicaeclili00rivigoog_0237.png"; bbox 0 0 1650 2550; ppageno 0'>
   <div class='ocr_carea' id='block_1_1' title="bbox 317 190 1168 421">
    <p class='ocr_par' dir='ltr' id='par_1_1' title="bbox 317 190 1168 421">
     <span class='ocr_line' id='line_1_1' title="bbox 317 190 1168 273; baseline 0.006 -7"><span class='ocrx_word' id='word_1_1' title='bbox 317 190 552 268; x_wconf 89' lang='lat' dir='ltr'><strong>PAN</strong></span> <span class='ocrx_word' id='word_1_2' title='bbox 566 191 797 268; x_wconf 90' lang='lat' dir='ltr'><strong>EGY</strong></span> <span class='ocrx_word' id='word_1_3' title='bbox 814 193 884 268; x_wconf 90' lang='lat' dir='ltr'>R</span> <span class='ocrx_word' id='word_1_4' title='bbox 902 195 1010 271; x_wconf 89' lang='lat' dir='ltr'><strong>IC</strong></span> <span class='ocrx_word' id='word_1_5' title='bbox 1027 195 1168 273; x_wconf 89' lang='lat' dir='ltr'><strong>US</strong></span> 
     </span>
     <span class='ocr_line' id='line_1_2' title="bbox 392 359 1080 421; baseline 0.006 -4"><span class='ocrx_word' id='word_1_6' title='bbox 392 359 743 419; x_wconf 84' lang='lat' dir='ltr'><strong>TRAJANO</strong></span> <span class='ocrx_word' id='word_1_7' title='bbox 783 360 1080 421; x_wconf 74' lang='lat' dir='ltr'><strong>ch‘ms,</strong></span> 
     </span>
    </p>
   </div>
   <div class='ocr_carea' id='block_1_2' title="bbox 664 519 813 531">
    <p class='ocr_par' dir='ltr' id='par_1_2' title="bbox 664 519 813 531">
     <span class='ocr_line' id='line_1_3' title="bbox 664 519 813 531; baseline 0 0"><span class='ocrx_word' id='word_1_8' title='bbox 664 519 813 531; x_wconf 95' lang='lat' dir='ltr'><strong> </strong></span> 
     </span>
    </p>
   </div>
   <div class='ocr_carea' id='block_1_3' title="bbox 101 610 1372 1059">
    <p class='ocr_par' dir='ltr' id='par_1_3' title="bbox 101 610 1372 1059">
     <span class='ocr_line' id='line_1_4' title="bbox 166 610 1369 674; baseline 0.003 -19"><span class='ocrx_word' id='word_1_9' title='bbox 166 611 203 655; x_wconf 86' lang='lat'><strong>1.</strong></span> <span class='ocrx_word' id='word_1_10' title='bbox 225 610 354 655; x_wconf 77' lang='lat' dir='ltr'><strong>Bm</strong></span> <span class='ocrx_word' id='word_1_11' title='bbox 368 625 422 655; x_wconf 82' lang='lat' dir='ltr'><strong>ac</strong></span> <span class='ocrx_word' id='word_1_12' title='bbox 445 613 685 673; x_wconf 73' lang='lat' dir='ltr'>sapienter,</span> <span class='ocrx_word' id='word_1_13' title='bbox 707 613 863 659; x_wconf 87' lang='lat' dir='ltr'><strong>Patres</strong></span> <span class='ocrx_word' id='word_1_14' title='bbox 890 614 1157 674; x_wconf 78' lang='lat' dir='ltr'>conscripti,</span> <span class='ocrx_word' id='word_1_15' title='bbox 1177 613 1369 672; x_wconf 81' lang='lat' dir='ltr'><strong>majores</strong></span> 
     </span>
     <span class='ocr_line' id='line_1_5' title="bbox 105 688 1371 750; baseline 0 -16"><span class='ocrx_word' id='word_1_16' title='bbox 105 689 426 744; x_wconf 75' lang='lat' dir='ltr'><strong>instituerunt,</strong></span> <span class='ocrx_word' id='word_1_17' title='bbox 450 701 504 734; x_wconf 90' lang='lat' dir='ltr'><strong>ut</strong></span> <span class='ocrx_word' id='word_1_18' title='bbox 522 704 678 736; x_wconf 85' lang='lat' dir='ltr'><strong>rerum</strong></span> <span class='ocrx_word' id='word_1_19' title='bbox 690 689 996 750; x_wconf 74' lang='lat' dir='ltr'><strong>agendarum,</strong></span> <span class='ocrx_word' id='word_1_20' title='bbox 1016 692 1078 737; x_wconf 85' lang='lat' dir='ltr'><strong>ita</strong></span> <span class='ocrx_word' id='word_1_21' title='bbox 1093 688 1273 735; x_wconf 80' lang='lat' dir='ltr'><strong>dicendi</strong></span> <span class='ocrx_word' id='word_1_22' title='bbox 1289 690 1371 734; x_wconf 81' lang='lat' dir='ltr'><strong>ini·</strong></span> 
     </span>
     <span class='ocr_line' id='line_1_6' title="bbox 103 765 1368 831; baseline 0.001 -21"><span class='ocrx_word' id='word_1_23' title='bbox 103 766 219 810; x_wconf 83' lang='lat' dir='ltr'><strong>tium</strong></span> <span class='ocrx_word' id='word_1_24' title='bbox 244 780 271 810; x_wconf 87' lang='lat' dir='ltr'><strong>a</strong></span> <span class='ocrx_word' id='word_1_25' title='bbox 297 765 638 826; x_wconf 74' lang='lat' dir='ltr'><strong>precationibus</strong></span> <span class='ocrx_word' id='word_1_26' title='bbox 660 782 850 829; x_wconf 80' lang='lat' dir='ltr'><strong>capere.</strong></span> <span class='ocrx_word' id='word_1_27' title='bbox 881 767 1006 831; x_wconf 86' lang='lat' dir='ltr'><strong>quod</strong></span> <span class='ocrx_word' id='word_1_28' title='bbox 1027 765 1143 812; x_wconf 86' lang='lat' dir='ltr'><strong>nihil</strong></span> <span class='ocrx_word' id='word_1_29' title='bbox 1164 768 1274 821; x_wconf 90' lang='lat' dir='ltr'><strong>rite,</strong></span> <span class='ocrx_word' id='word_1_30' title='bbox 1296 768 1368 811; x_wconf 89' lang='lat' dir='ltr'><strong>ni-</strong></span> 
     </span>
     <span class='ocr_line' id='line_1_7' title="bbox 102 841 1372 906; baseline 0.002 -19"><span class='ocrx_word' id='word_1_31' title='bbox 102 841 261 905; x_wconf 83' lang='lat' dir='ltr'><strong>hilque</strong></span> <span class='ocrx_word' id='word_1_32' title='bbox 278 842 576 906; x_wconf 79' lang='lat' dir='ltr'><strong>providenter</strong></span> <span class='ocrx_word' id='word_1_33' title='bbox 587 842 793 889; x_wconf 80' lang='lat' dir='ltr'><strong>homines</strong></span> <span class='ocrx_word' id='word_1_34' title='bbox 812 845 907 890; x_wconf 81' lang='lat' dir='ltr'><strong>sine</strong></span> <span class='ocrx_word' id='word_1_35' title='bbox 930 844 1150 891; x_wconf 81' lang='lat' dir='ltr'><strong>deornm</strong></span> <span class='ocrx_word' id='word_1_36' title='bbox 1135 855 1372 890; x_wconf 73' lang='lat' dir='ltr'><strong>immorta-</strong></span> 
     </span>
     <span class='ocr_line' id='line_1_8' title="bbox 101 917 1372 984; baseline -0.001 -18"><span class='ocrx_word' id='word_1_37' title='bbox 101 917 217 966; x_wconf 74' lang='lat' dir='ltr'><strong>lium</strong></span> <span class='ocrx_word' id='word_1_38' title='bbox 248 934 365 981; x_wconf 79' lang='lat' dir='ltr'><strong>ope,</strong></span> <span class='ocrx_word' id='word_1_39' title='bbox 398 919 614 975; x_wconf 79' lang='lat' dir='ltr'><strong>consilio,</strong></span> <span class='ocrx_word' id='word_1_40' title='bbox 651 919 852 977; x_wconf 86' lang='lat' dir='ltr'><strong>honore,</strong></span> <span class='ocrx_word' id='word_1_41' title='bbox 890 923 1247 984; x_wconf 75' lang='lat' dir='ltr'><strong>auspicarentur.</strong></span> <span class='ocrx_word' id='word_1_42' title='bbox 1281 921 1372 981; x_wconf 85' lang='lat' dir='ltr'><strong>Qui</strong></span> 
     </span>
     <span class='ocr_line' id='line_1_9' title="bbox 102 997 1371 1059; baseline -0.002 -15"><span class='ocrx_word' id='word_1_43' title='bbox 102 1013 201 1044; x_wconf 81' lang='lat' dir='ltr'><strong>mos</strong></span> <span class='ocrx_word' id='word_1_44' title='bbox 224 1000 302 1043; x_wconf 86' lang='lat' dir='ltr'><strong>cui</strong></span> <span class='ocrx_word' id='word_1_45' title='bbox 318 999 505 1059; x_wconf 83' lang='lat' dir='ltr'><strong>potius,</strong></span> <span class='ocrx_word' id='word_1_46' title='bbox 529 1012 669 1059; x_wconf 80' lang='lat' dir='ltr'><strong>quam</strong></span> <span class='ocrx_word' id='word_1_47' title='bbox 689 997 895 1044; x_wconf 78' lang='lat' dir='ltr'><strong>consuli?</strong></span> <span class='ocrx_word' id='word_1_48' title='bbox 921 1009 1001 1043; x_wconf 83' lang='lat' dir='ltr'><strong>aut</strong></span> <span class='ocrx_word' id='word_1_49' title='bbox 1021 997 1206 1059; x_wconf 85' lang='lat' dir='ltr'><strong>quando</strong></span> <span class='ocrx_word' id='word_1_50' title='bbox 1227 999 1371 1059; x_wconf 67' lang='lat' dir='ltr'><strong>magis</strong></span> 
     </span>
    </p>
   </div>
   <div class='ocr_carea' id='block_1_4' title="bbox 98 1074 1372 1216">
    <p class='ocr_par' dir='ltr' id='par_1_4' title="bbox 98 1074 1372 1216">
     <span class='ocr_line' id='line_1_10' title="bbox 102 1074 1370 1138; baseline -0.001 -16"><span class='ocrx_word' id='word_1_51' title='bbox 102 1075 397 1137; x_wconf 76' lang='lat' dir='ltr'><strong>usurpandus</strong></span> <span class='ocrx_word' id='word_1_52' title='bbox 416 1074 724 1138; x_wconf 84' lang='lat' dir='ltr'><strong>colendusque</strong></span> <span class='ocrx_word' id='word_1_53' title='bbox 747 1087 839 1131; x_wconf 88' lang='lat' dir='ltr'><strong>est,</strong></span> <span class='ocrx_word' id='word_1_54' title='bbox 859 1090 999 1137; x_wconf 84' lang='lat' dir='ltr'><strong>quam</strong></span> <span class='ocrx_word' id='word_1_55' title='bbox 1017 1090 1159 1137; x_wconf 78' lang='lat' dir='ltr'><strong>quum</strong></span> <span class='ocrx_word' id='word_1_56' title='bbox 1178 1077 1370 1137; x_wconf 84' lang='lat' dir='ltr'><strong>imperio</strong></span> 
     </span>
     <span class='ocr_line' id='line_1_11' title="bbox 98 1152 1372 1216; baseline -0.002 -16"><span class='ocrx_word' id='word_1_57' title='bbox 98 1164 286 1200; x_wconf 83' lang='lat' dir='ltr'><strong>senatus</strong></span> <span class='ocrx_word' id='word_1_58' title='bbox 297 1187 311 1209; x_wconf 91' lang='lat'><strong>,</strong></span> <span class='ocrx_word' id='word_1_59' title='bbox 332 1154 601 1199; x_wconf 85' lang='lat' dir='ltr'><strong>auctoritate</strong></span> <span class='ocrx_word' id='word_1_60' title='bbox 618 1152 879 1214; x_wconf 66' lang='lat' dir='ltr'><strong>reipublicae</strong></span> <span class='ocrx_word' id='word_1_61' title='bbox 889 1187 902 1209; x_wconf 93' lang='lat'><strong>,</strong></span> <span class='ocrx_word' id='word_1_62' title='bbox 918 1152 977 1197; x_wconf 83' lang='lat' dir='ltr'><strong>sd</strong></span> <span class='ocrx_word' id='word_1_63' title='bbox 990 1152 1185 1213; x_wconf 72' lang='lat' dir='ltr'><strong>agendas</strong></span> <span class='ocrx_word' id='word_1_64' title='bbox 1198 1156 1372 1216; x_wconf 84' lang='lat' dir='ltr'><strong>optimo</strong></span> 
     </span>
    </p>
   </div>
   <div class='ocr_carea' id='block_1_5' title="bbox 96 1230 1382 2228">
    <p class='ocr_par' dir='ltr' id='par_1_5' title="bbox 96 1230 1382 2228">
     <span class='ocr_line' id='line_1_12' title="bbox 98 1230 1372 1295; baseline 0.001 -17"><span class='ocrx_word' id='word_1_65' title='bbox 98 1231 304 1295; x_wconf 79' lang='lat' dir='ltr'><strong>principi</strong></span> <span class='ocrx_word' id='word_1_66' title='bbox 321 1233 490 1293; x_wconf 74' lang='lat' dir='ltr'><strong>gratias</strong></span> <span class='ocrx_word' id='word_1_67' title='bbox 499 1232 775 1278; x_wconf 75' lang='lat' dir='ltr'><strong>excitamur?</strong></span> <span class='ocrx_word' id='word_1_68' title='bbox 790 1230 924 1293; x_wconf 86' lang='lat' dir='ltr'><strong>Quod</strong></span> <span class='ocrx_word' id='word_1_69' title='bbox 936 1232 1057 1277; x_wconf 88' lang='lat' dir='ltr'><strong>enim</strong></span> <span class='ocrx_word' id='word_1_70' title='bbox 1073 1232 1372 1293; x_wconf 79' lang='lat' dir='ltr'><strong>praestabilius</strong></span> 
     </span>
     <span class='ocr_line' id='line_1_13' title="bbox 99 1308 1374 1372; baseline -0.001 -14"><span class='ocrx_word' id='word_1_71' title='bbox 99 1323 167 1358; x_wconf 73' lang='lat' dir='ltr'><strong>est</strong></span> <span class='ocrx_word' id='word_1_72' title='bbox 188 1345 204 1366; x_wconf 93' lang='lat'><strong>,</strong></span> <span class='ocrx_word' id='word_1_73' title='bbox 221 1321 304 1355; x_wconf 85' lang='lat' dir='ltr'><strong>aut</strong></span> <span class='ocrx_word' id='word_1_74' title='bbox 325 1308 561 1370; x_wconf 76' lang='lat' dir='ltr'><strong>pulchrius</strong></span> <span class='ocrx_word' id='word_1_75' title='bbox 581 1324 746 1355; x_wconf 88' lang='lat' dir='ltr'><strong>munus</strong></span> <span class='ocrx_word' id='word_1_76' title='bbox 763 1309 980 1366; x_wconf 85' lang='lat' dir='ltr'><strong>deorum,</strong></span> <span class='ocrx_word' id='word_1_77' title='bbox 1003 1325 1141 1372; x_wconf 88' lang='lat' dir='ltr'><strong>quam</strong></span> <span class='ocrx_word' id='word_1_78' title='bbox 1162 1323 1310 1357; x_wconf 82' lang='lat' dir='ltr'><strong>castus</strong></span> <span class='ocrx_word' id='word_1_79' title='bbox 1328 1322 1374 1357; x_wconf 85' lang='lat' dir='ltr'><strong>et</strong></span> 
     </span>
     <span class='ocr_line' id='line_1_14' title="bbox 96 1384 1376 1447; baseline 0.001 -15"><span class='ocrx_word' id='word_1_80' title='bbox 96 1397 290 1432; x_wconf 79' lang='lat' dir='ltr'><strong>sanctus</strong></span> <span class='ocrx_word' id='word_1_81' title='bbox 307 1397 355 1431; x_wconf 89' lang='lat' dir='ltr'><strong>et</strong></span> <span class='ocrx_word' id='word_1_82' title='bbox 368 1384 456 1430; x_wconf 79' lang='lat' dir='ltr'><strong>diis</strong></span> <span class='ocrx_word' id='word_1_83' title='bbox 479 1384 731 1432; x_wconf 82' lang='lat' dir='ltr'><strong>simillimus</strong></span> <span class='ocrx_word' id='word_1_84' title='bbox 746 1385 986 1447; x_wconf 80' lang='lat' dir='ltr'><strong>princeps?</strong></span> <span class='ocrx_word' id='word_1_85' title='bbox 998 1388 1061 1431; x_wconf 81' lang='lat' dir='ltr'><strong>Ac</strong></span> <span class='ocrx_word' id='word_1_86' title='bbox 1076 1388 1113 1431; x_wconf 89' lang='lat' dir='ltr'><strong>si</strong></span> <span class='ocrx_word' id='word_1_87' title='bbox 1125 1387 1274 1433; x_wconf 82' lang='lat' dir='ltr'><strong>adhue</strong></span> <span class='ocrx_word' id='word_1_88' title='bbox 1286 1386 1376 1433; x_wconf 90' lang='lat' dir='ltr'><strong>du-</strong></span> 
     </span>
     <span class='ocr_line' id='line_1_15' title="bbox 97 1458 1373 1529; baseline -0.001 -18"><span class='ocrx_word' id='word_1_89' title='bbox 97 1465 234 1511; x_wconf 85' lang='lat' dir='ltr'><strong>bium</strong></span> <span class='ocrx_word' id='word_1_90' title='bbox 248 1458 427 1519; x_wconf 83' lang='lat' dir='ltr'><strong>fuisset,</strong></span> <span class='ocrx_word' id='word_1_91' title='bbox 444 1462 561 1510; x_wconf 81' lang='lat' dir='ltr'><strong>forte</strong></span> <span class='ocrx_word' id='word_1_92' title='bbox 570 1480 768 1527; x_wconf 86' lang='lat' dir='ltr'><strong>casuque</strong></span> <span class='ocrx_word' id='word_1_93' title='bbox 778 1476 972 1511; x_wconf 86' lang='lat' dir='ltr'><strong>rectores</strong></span> <span class='ocrx_word' id='word_1_94' title='bbox 982 1467 1111 1512; x_wconf 86' lang='lat' dir='ltr'><strong>terris</strong></span> <span class='ocrx_word' id='word_1_95' title='bbox 1127 1500 1141 1523; x_wconf 87' lang='lat'><strong>,</strong></span> <span class='ocrx_word' id='word_1_96' title='bbox 1152 1482 1210 1512; x_wconf 87' lang='lat' dir='ltr'><strong>an</strong></span> <span class='ocrx_word' id='word_1_97' title='bbox 1219 1465 1373 1529; x_wconf 87' lang='lat' dir='ltr'><strong>aliquo</strong></span> 
     </span>
     <span class='ocr_line' id='line_1_16' title="bbox 97 1540 1376 1605; baseline -0.001 -16"><span class='ocrx_word' id='word_1_98' title='bbox 97 1545 294 1589; x_wconf 81' lang='lat' dir='ltr'><strong>nurnine</strong></span> <span class='ocrx_word' id='word_1_99' title='bbox 307 1540 544 1598; x_wconf 85' lang='lat' dir='ltr'><strong>darentur,</strong></span> <span class='ocrx_word' id='word_1_100' title='bbox 558 1542 812 1604; x_wconf 85' lang='lat' dir='ltr'><strong>principem</strong></span> <span class='ocrx_word' id='word_1_101' title='bbox 827 1555 982 1589; x_wconf 84' lang='lat' dir='ltr'><strong>tamen</strong></span> <span class='ocrx_word' id='word_1_102' title='bbox 1004 1556 1210 1591; x_wconf 82' lang='lat' dir='ltr'><strong>nostrum</strong></span> <span class='ocrx_word' id='word_1_103' title='bbox 1232 1542 1376 1605; x_wconf 81' lang='lat' dir='ltr'><strong>lique-</strong></span> 
     </span>
     <span class='ocr_line' id='line_1_17' title="bbox 96 1620 1377 1683; baseline -0.003 -14"><span class='ocrx_word' id='word_1_104' title='bbox 96 1633 169 1669; x_wconf 82' lang='lat' dir='ltr'><strong>ret</strong></span> <span class='ocrx_word' id='word_1_105' title='bbox 185 1620 413 1666; x_wconf 81' lang='lat' dir='ltr'><strong>divinitus</strong></span> <span class='ocrx_word' id='word_1_106' title='bbox 434 1620 742 1666; x_wconf 74' lang='lat' dir='ltr'><strong>constitutum.</strong></span> <span class='ocrx_word' id='word_1_107' title='bbox 764 1622 866 1666; x_wconf 85' lang='lat' dir='ltr'><strong>Non</strong></span> <span class='ocrx_word' id='word_1_108' title='bbox 889 1623 1010 1666; x_wconf 87' lang='lat' dir='ltr'><strong>enim</strong></span> <span class='ocrx_word' id='word_1_109' title='bbox 1032 1620 1208 1667; x_wconf 70' lang='lat' dir='ltr'><strong>occultu</strong></span> <span class='ocrx_word' id='word_1_110' title='bbox 1224 1632 1377 1683; x_wconf 75' lang='lat' dir='ltr'><strong>potes·</strong></span> 
     </span>
     <span class='ocr_line' id='line_1_18' title="bbox 98 1697 1377 1761; baseline -0.001 -15"><span class='ocrx_word' id='word_1_111' title='bbox 98 1712 195 1748; x_wconf 83' lang='lat' dir='ltr'><strong>tate</strong></span> <span class='ocrx_word' id='word_1_112' title='bbox 215 1697 423 1745; x_wconf 80' lang='lat' dir='ltr'><strong>fatorum</strong></span> <span class='ocrx_word' id='word_1_113' title='bbox 436 1732 449 1753; x_wconf 90' lang='lat'>,</span> <span class='ocrx_word' id='word_1_114' title='bbox 474 1698 555 1744; x_wconf 84' lang='lat' dir='ltr'><strong>sed</strong></span> <span class='ocrx_word' id='word_1_115' title='bbox 572 1698 631 1744; x_wconf 88' lang='lat' dir='ltr'><strong>ab</strong></span> <span class='ocrx_word' id='word_1_116' title='bbox 645 1701 756 1745; x_wconf 82' lang='lat' dir='ltr'><strong>Jove</strong></span> <span class='ocrx_word' id='word_1_117' title='bbox 775 1700 876 1761; x_wconf 86' lang='lat' dir='ltr'><strong>ipso</strong></span> <span class='ocrx_word' id='word_1_118' title='bbox 894 1714 1047 1746; x_wconf 89' lang='lat' dir='ltr'><strong>coram</strong></span> <span class='ocrx_word' id='word_1_119' title='bbox 1065 1715 1119 1746; x_wconf 88' lang='lat' dir='ltr'><strong>ac</strong></span> <span class='ocrx_word' id='word_1_120' title='bbox 1139 1698 1293 1761; x_wconf 80' lang='lat' dir='ltr'><strong>palam</strong></span> <span class='ocrx_word' id='word_1_121' title='bbox 1309 1714 1377 1745; x_wconf 88' lang='lat' dir='ltr'><strong>re·</strong></span> 
     </span>
     <span class='ocr_line' id='line_1_19' title="bbox 98 1776 1374 1842; baseline -0.004 -15"><span class='ocrx_word' id='word_1_122' title='bbox 98 1792 294 1842; x_wconf 78' lang='lat' dir='ltr'><strong>pertus:</strong></span> <span class='ocrx_word' id='word_1_123' title='bbox 336 1776 506 1823; x_wconf 78' lang='lat' dir='ltr'><strong>electus</strong></span> <span class='ocrx_word' id='word_1_124' title='bbox 536 1789 602 1823; x_wconf 89' lang='lat' dir='ltr'><strong>est</strong></span> <span class='ocrx_word' id='word_1_125' title='bbox 629 1780 798 1841; x_wconf 89' lang='lat' dir='ltr'><strong>qnippe</strong></span> <span class='ocrx_word' id='word_1_126' title='bbox 829 1781 948 1824; x_wconf 87' lang='lat' dir='ltr'><strong>inter</strong></span> <span class='ocrx_word' id='word_1_127' title='bbox 983 1794 1083 1825; x_wconf 82' lang='lat' dir='ltr'><strong>aras</strong></span> <span class='ocrx_word' id='word_1_128' title='bbox 1113 1790 1158 1823; x_wconf 91' lang='lat' dir='ltr'><strong>et</strong></span> <span class='ocrx_word' id='word_1_129' title='bbox 1189 1776 1349 1823; x_wconf 79' lang='lat' dir='ltr'><strong>altaria</strong></span> <span class='ocrx_word' id='word_1_130' title='bbox 1360 1810 1374 1832; x_wconf 91' lang='lat'><strong>,</strong></span> 
     </span>
     <span class='ocr_line' id='line_1_20' title="bbox 101 1853 1380 1918; baseline -0.004 -15"><span class='ocrx_word' id='word_1_131' title='bbox 101 1857 369 1918; x_wconf 81' lang='lat' dir='ltr'><strong>eodemque</strong></span> <span class='ocrx_word' id='word_1_132' title='bbox 390 1853 507 1910; x_wconf 87' lang='lat' dir='ltr'><strong>loci,</strong></span> <span class='ocrx_word' id='word_1_133' title='bbox 533 1870 669 1917; x_wconf 87' lang='lat' dir='ltr'><strong>quem</strong></span> <span class='ocrx_word' id='word_1_134' title='bbox 691 1855 800 1902; x_wconf 89' lang='lat' dir='ltr'><strong>deus</strong></span> <span class='ocrx_word' id='word_1_135' title='bbox 824 1854 901 1904; x_wconf 81' lang='lat' dir='ltr'><strong>ille</strong></span> <span class='ocrx_word' id='word_1_136' title='bbox 923 1868 1016 1901; x_wconf 87' lang='lat' dir='ltr'><strong>tam</strong></span> <span class='ocrx_word' id='word_1_137' title='bbox 1038 1853 1302 1900; x_wconf 81' lang='lat' dir='ltr'><strong>manifestus</strong></span> <span class='ocrx_word' id='word_1_138' title='bbox 1324 1866 1380 1899; x_wconf 85' lang='lat' dir='ltr'><strong>ac</strong></span> 
     </span>
     <span class='ocr_line' id='line_1_21' title="bbox 101 1929 1379 1996; baseline -0.006 -15"><span class='ocrx_word' id='word_1_139' title='bbox 101 1947 312 1996; x_wconf 72' lang='lat' dir='ltr'><strong>praesens</strong></span> <span class='ocrx_word' id='word_1_140' title='bbox 326 1946 469 1995; x_wconf 88' lang='lat' dir='ltr'><strong>quam</strong></span> <span class='ocrx_word' id='word_1_141' title='bbox 483 1929 649 1977; x_wconf 86' lang='lat' dir='ltr'><strong>coelum</strong></span> <span class='ocrx_word' id='word_1_142' title='bbox 667 1947 719 1978; x_wconf 90' lang='lat' dir='ltr'><strong>ac</strong></span> <span class='ocrx_word' id='word_1_143' title='bbox 733 1932 881 1978; x_wconf 76' lang='lat' dir='ltr'><strong>sidera</strong></span> <span class='ocrx_word' id='word_1_144' title='bbox 890 1965 906 1987; x_wconf 82' lang='lat'><em>,</em></span> <span class='ocrx_word' id='word_1_145' title='bbox 924 1930 1103 1977; x_wconf 79' lang='lat' dir='ltr'><strong>insedit.</strong></span> <span class='ocrx_word' id='word_1_146' title='bbox 1121 1931 1223 1990; x_wconf 85' lang='lat' dir='ltr'><strong>Quo</strong></span> <span class='ocrx_word' id='word_1_147' title='bbox 1238 1930 1379 1988; x_wconf 75' lang='lat' dir='ltr'><strong>magis</strong></span> 
     </span>
     <span class='ocr_line' id='line_1_22' title="bbox 103 2008 1378 2072; baseline -0.005 -16"><span class='ocrx_word' id='word_1_148' title='bbox 103 2025 274 2072; x_wconf 82' lang='lat' dir='ltr'><strong>aptum</strong></span> <span class='ocrx_word' id='word_1_149' title='bbox 299 2011 523 2070; x_wconf 74' lang='lat' dir='ltr'><strong>piumque</strong></span> <span class='ocrx_word' id='word_1_150' title='bbox 546 2021 639 2065; x_wconf 81' lang='lat' dir='ltr'><strong>est,</strong></span> <span class='ocrx_word' id='word_1_151' title='bbox 668 2021 738 2065; x_wconf 84' lang='lat' dir='ltr'><strong>te,</strong></span> <span class='ocrx_word' id='word_1_152' title='bbox 767 2011 945 2071; x_wconf 82' lang='lat' dir='ltr'><strong>Jupiter</strong></span> <span class='ocrx_word' id='word_1_153' title='bbox 970 2008 1142 2070; x_wconf 81' lang='lat' dir='ltr'><strong>optime</strong></span> <span class='ocrx_word' id='word_1_154' title='bbox 1158 2009 1378 2061; x_wconf 76' lang='lat' dir='ltr'><strong>maxime,</strong></span> 
     </span>
     <span class='ocr_line' id='line_1_23' title="bbox 104 2085 1382 2146; baseline -0.006 -11"><span class='ocrx_word' id='word_1_155' title='bbox 104 2101 245 2135; x_wconf 83' lang='lat' dir='ltr'><strong>antea</strong></span> <span class='ocrx_word' id='word_1_156' title='bbox 263 2085 548 2132; x_wconf 86' lang='lat' dir='ltr'><strong>conditorem</strong></span> <span class='ocrx_word' id='word_1_157' title='bbox 560 2120 573 2141; x_wconf 92' lang='lat'>,</span> <span class='ocrx_word' id='word_1_158' title='bbox 583 2102 704 2133; x_wconf 80' lang='lat' dir='ltr'><strong>nunc</strong></span> <span class='ocrx_word' id='word_1_159' title='bbox 712 2099 1073 2134; x_wconf 80' lang='lat' dir='ltr'><strong>conservatorem</strong></span> <span class='ocrx_word' id='word_1_160' title='bbox 1083 2085 1262 2146; x_wconf 85' lang='lat' dir='ltr'><strong>imperii</strong></span> <span class='ocrx_word' id='word_1_161' title='bbox 1279 2096 1382 2128; x_wconf 80' lang='lat' dir='ltr'><strong>nos-</strong></span> 
     </span>
     <span class='ocr_line' id='line_1_24' title="bbox 106 2163 1378 2228; baseline -0.006 -15"><span class='ocrx_word' id='word_1_162' title='bbox 106 2168 196 2222; x_wconf 78' lang='lat' dir='ltr'><strong>tri,</strong></span> <span class='ocrx_word' id='word_1_163' title='bbox 218 2166 424 2228; x_wconf 74' lang='lat' dir='ltr'><strong>precari,</strong></span> <span class='ocrx_word' id='word_1_164' title='bbox 449 2176 497 2213; x_wconf 90' lang='lat' dir='ltr'><strong>ut</strong></span> <span class='ocrx_word' id='word_1_165' title='bbox 517 2163 629 2211; x_wconf 82' lang='lat' dir='ltr'><strong>mihi</strong></span> <span class='ocrx_word' id='word_1_166' title='bbox 650 2164 787 2226; x_wconf 71' lang='lat' dir='ltr'><strong>digna</strong></span> <span class='ocrx_word' id='word_1_167' title='bbox 805 2163 1016 2220; x_wconf 77' lang='lat' dir='ltr'><strong>consule,</strong></span> <span class='ocrx_word' id='word_1_168' title='bbox 1040 2163 1176 2224; x_wconf 70' lang='lat' dir='ltr'><strong>digna</strong></span> <span class='ocrx_word' id='word_1_169' title='bbox 1194 2172 1378 2217; x_wconf 75' lang='lat' dir='ltr'><strong>senatu,</strong></span> 
     </span>
    </p>
   </div>
  </div>
 </body>
</html>
