1650 2550
341 187 425 233 118
657 190 709 234 C.
748 189 995 234 PLINH
1029 190 1262 234 EPIST.

916 473 1017 521 vl.

726 627 749 669 1
761 626 801 668 D
816 624 853 669 E
866 625 917 669 M
951 627 988 670 E
1000 626 1021 669 1
1034 625 1075 668 D
1089 625 1128 668 E
1140 625 1208 670 M.

515 765 683 811 Medici
698 767 773 810 sui
781 766 1044 828 propinquis
1064 766 1287 809 civitatem
1305 769 1442 827 petit.

404 910 623 954 PnoxiuA
641 907 878 953 infirmitas
896 922 997 952 mea
1011 941 1024 962 ‚
1046 909 1242 952 Domine
1258 941 1271 962 ‚
1292 907 1520 970 obligavit
1537 919 1599 951 me

345 984 607 1031 Posthumio
626 987 803 1029 Marino
826 983 1003 1028 medico
1017 1017 1030 1038 ,
1053 986 1124 1029 cui
1147 999 1307 1045 parem
1328 988 1526 1046 gratiam
1546 996 1601 1026 re·

346 1059 464 1106 ferre
493 1060 710 1106 beneficio
743 1072 821 1105 tuo
851 1074 1062 1120 possum,
1088 1061 1122 1104 si
1155 1059 1375 1120 precibus
1404 1063 1539 1112 meis,
1557 1071 1600 1101 ex

349 1137 671 1183 consuetudine
686 1137 897 1182 bonitatis
918 1147 1007 1181 tuae
1026 1169 1039 1189 ,
1052 1135 1315 1182 indulseris.
1334 1139 1465 1200 Rogo
1483 1148 1598 1195 ergo»

349 1227 401 1261 ut
414 1217 677 1278 propinquis
691 1215 786 1275 ejus
800 1214 880 1259 des
892 1216 1118 1260 civitatem
1132 1248 1145 1265 ‚
1161 1212 1428 1279 Chrysippo
1442 1211 1604 1261 Mithri·

351 1293 467 1339 datis
484 1329 496 1349 ‚
509 1298 726 1356 uxorique
741 1293 983 1356 Chrysippi
997 1295 1261 1339 Stratonicae
1269 1297 1470 1356 Epigoni
1482 1330 1495 1350 ,
1511 1296 1602 1338 im

351 1368 505 1415 liberis
528 1371 732 1430 ejusdem
751 1371 989 1433 Chrysippi
1006 1406 1018 1426 ,
1039 1373 1241 1432 Epigono
1265 1384 1312 1418 et
1330 1369 1601 1420 Mithridati,

355 1448 418 1493 ita
440 1459 488 1492 ut
512 1450 601 1494 sint
621 1451 668 1492 in
689 1449 831 1509 patris
853 1460 1071 1510 potestate
1085 1483 1097 1500 ‚
1123 1447 1263 1511 utque
1284 1451 1339 1493 iis
1360 1453 1412 1495 in
1435 1450 1600 1494 libertos

356 1537 560 1571 servetur·
573 1526 646 1584 jus
666 1539 974 1587 patronorum.
992 1528 1105 1572 Item
1127 1541 1236 1588 rogo
1250 1560 1263 1581 ‚
1284 1527 1523 1589 indulgeas
1537 1524 1599 1584 jus

356 1604 602 1663 Quiritium
620 1606 672 1648 L.
688 1607 834 1651 Satrio
853 1605 1122 1650 Abascantio
1138 1639 1151 1659 ,
1176 1616 1221 1650 et
1240 1597 1292 1650 Ρ.
1318 1606 1468 1651 Caesio
1486 1601 1603 1648 Phos-

356 1679 501 1743 phoro
514 1716 526 1737 ,
551 1693 598 1727 et
614 1680 874 1740 Panchariae
895 1682 1116 1729 Soteridi:
1139 1681 1268 1744 quod
1285 1698 1313 1728 a
1334 1695 1382 1729 te
1395 1718 1410 1740 ,
1430 1677 1597 1729 volenti-

361 1758 446 1804 bus
469 1759 693 1821 patronis,
717 1769 839 1819 peto.
