1650 2550
429 206 773 250 TRAJANO
808 208 1103 254 DICTUS.
1307 206 1394 269 ²37

141 293 262 341 nulla
275 298 561 345 necessitudo
572 334 585 354 ,
605 300 692 345 nisi
710 302 835 361 quod
850 314 1040 364 uterque
1057 303 1255 364 optimus
1273 314 1395 358 erat,

141 373 394 438 dignusque
412 376 525 424 alter
542 377 644 440 eligi
660 414 674 435 ,
699 380 815 426 alter
836 380 1015 442 eligere.
1035 384 1194 444 Itaque
1212 382 1397 444 adopta·

140 465 209 499 tus
221 470 270 500 es
285 490 298 509 ‚
316 470 408 501 non
421 468 473 502 nt
486 460 610 518 prius
623 457 740 504 alius
752 471 889 522 atque
910 459 1028 518 alius
1040 496 1053 517 ,
1069 463 1116 506 in
1130 462 1279 506 uxoris
1292 476 1398 521 gra-

141 535 276 579 tiam:
299 533 506 586 (adscivit
539 539 661 581 enim
692 549 736 583 te
767 536 912 584 filium
947 554 1038 584 non
1072 540 1259 585 vitricus
1270 571 1283 593 ‚
1316 538 1397 584 sed

143 611 377 672 princeps3
394 611 647 676 eodemque
665 616 816 660 animo
829 616 961 662 divus
979 618 1127 662 Nerva
1147 627 1276 677 pater
1293 626 1399 662 tuns

138 687 279 734 factus
294 701 364 735 est
375 723 388 743 ,
407 705 502 751 qno
510 704 609 737 erat
621 695 842 739 omnium.
859 697 952 740 Nec
966 693 1093 741 decet
1111 693 1242 740 aliter
1250 691 1396 738 filium

138 771 325 824 assumi,
346 771 382 814 si
397 782 657 816 assumatur
669 787 695 816 a
713 774 934 834 principe.
952 776 1238 819 Ansenatum
1246 786 1396 833 popu-

135 844 321 908 lumque
353 848 608 893 Romanum
620 882 633 904 ‚
664 852 884 895 exercitus
895 885 909 906 ,
937 852 1192 911 provincias
1204 883 1218 906 ‚
1252 851 1395 895 socios

135 926 481 971 transmissurus
500 928 580 971 uni
592 960 605 981 ,
627 942 929 974 successorem
948 945 973 974 e
992 931 1090 974 sinu
1117 929 1266 973 uxoris
1285 928 1399 973 acci·

131 1004 260 1064 pias?
281 1019 564 1065 summaeque
582 1008 813 1066 potestatis
836 1005 1061 1051 haeredem
1079 1017 1256 1052 tantum
1276 1006 1394 1050 intra

131 1081 319 1128 domum
336 1094 463 1128 tuam
477 1084 684 1143 quaeras?
696 1099 786 1128 non
804 1099 889 1144 per
904 1096 1046 1132 totam
1058 1086 1287 1130 civitatem
1304 1086 1394 1130 cir-

127 1157 356 1204 cumferas
370 1157 548 1215 oculos;
564 1171 609 1204 et
622 1158 743 1205 hunc
759 1160 840 1205 tibi
855 1162 1113 1221 proximum
1125 1194 1139 1215 ,
1153 1159 1275 1206 hunc
1289 1176 1393 1205 con-

121 1235 464 1296 junctissimum
475 1236 697 1282 existimes
708 1271 722 1293 ,
742 1252 883 1298 quem
894 1237 1117 1299 optimum
1130 1269 1143 1291 ,
1155 1252 1289 1298 quem
1301 1236 1389 1282 diis

124 1312 412 1360 simillimum
433 1315 688 1358 inveneris?
715 1316 1024 1376 Imperetur-us
1046 1313 1259 1360 omnibus
1285 1314 1390 1376 eligi

122 1391 260 1438 debet
274 1408 327 1438 ex
342 1390 575 1436 omnibus.
588 1392 689 1437 Non
699 1394 819 1437 enim
832 1391 1019 1437 servulis
1029 1393 1118 1437 tuis
1126 1391 1360 1438 dominum
1374 1427 1390 1449 ,

122 1481 171 1516 ut
189 1471 341 1533 possis
370 1484 467 1514 esse
495 1481 732 1515 contentus
760 1471 890 1531 quasi
914 1473 1163 1517 necessario
1185 1470 1389 1526 haerede,

119 1548 200 1593 sed
233 1549 494 1610 principem
527 1546 702 1592 civibus
725 1546 915 1593 daturus
936 1550 1197 1609 imperator.
1224 1550 1392 1608 Super-

115 1624 234 1672 bum
253 1623 383 1671 istud
401 1637 447 1669 et
465 1625 638 1684 regium
651 1657 665 1680 ‚
687 1626 775 1670 nisi
791 1624 980 1687 adoptes
999 1641 1105 1671 eum
1123 1641 1262 1688 quem
1280 1640 1389 1670 con-

116 1715 206 1750 stet
238 1705 582 1764 imperaturum
603 1701 764 1758 fuisse,
791 1704 967 1748 etiamsi
991 1719 1083 1749 non
1112 1704 1387 1764 adoptasses.

114 1783 246 1829 Fecit
268 1780 359 1826 hoc
383 1782 558 1835 Nerva,
582 1779 695 1825 nihil
708 1779 952 1826 arbitratus
965 1783 1202 1834 interesse,
1222 1795 1391 1840 genue-

115 1864 179 1907 ris
198 1876 263 1907 an
285 1859 503 1921 elegeris,
523 1860 561 1904 si
582 1857 773 1919 perinde
801 1862 897 1906 sine
922 1859 1094 1920 jndicio
1115 1858 1389 1918 adoptentur

114 1936 253 1986 liberi
272 1954 328 1984 ac
348 1948 624 1982 nascuntur:
646 1939 734 1983 nisi
754 1949 906 1983 tamen
926 1937 1051 2000 quod
1071 1938 1267 1997 aequiore
1293 1938 1389 1981 ani—

115 2033 194 2064 mo
217 2016 380 2063 ferunt
402 2014 607 2059 homines
630 2030 769 2076 quem
785 2017 995 2078 princeps
1015 2029 1178 2078 parum
1197 2012 1389 2060 feliciter

114 2096 305 2156 genuit,
330 2107 473 2156 quam
492 2106 629 2154 quem
651 2091 769 2138 male
788 2092 938 2154 elegit.

178 2175 304 2220 vm.
328 2175 514 2219 Senum
527 2185 635 2231 ergo
648 2171 806 2217 vitavit
817 2169 940 2217 hunc
953 2185 1111 2218 casnm
1126 2205 1141 2227 ,
1163 2186 1246 2218 nec
1254 2170 1382 2230 judi·
