1650 2550
202 195 212 203 ·
283 165 341 220 [μ
606 164 657 207 C.
696 161 946 206 PLINII
981 161 1211 206 EPIST.

282 258 396 303 libet
414 254 741 301 miraculorum
767 254 896 299 ferax
924 251 1378 314 commendatrixque
1411 265 1558 302 term
1567 290 1591 314 ,

282 334 465 389 audita,
498 332 720 395 perlecta,
753 332 944 377 lustrata
975 330 1263 377 haberemus.
1298 332 1408 390 lpse
1441 348 1588 381 certe

282 429 446 475 nuper,
467 411 591 474 quod
609 426 692 456 nec
710 408 952 455 audieram
969 420 1075 454 ante
1086 442 1100 463 ,
1122 423 1205 453 nec
1218 407 1458 464 videram,
1483 428 1588 458 au-

283 491 379 537 divi
414 481 584 551 pariter
609 499 655 535 et
689 485 799 531 vidi.
828 489 1045 546 Exegerat
1071 500 1286 548 prosocer
1311 502 1449 533 meus
1463 523 1481 544 ,
1523 503 1589 537 nt

286 570 500 616 Amerina
511 566 684 629 praedia
701 580 784 609 sua
795 565 1081 624 inspicerem.
1099 565 1205 609 Haec
1217 564 1591 625 perambulanti

290 647 405 693 mihi
413 643 666 691 ostenditur
675 642 911 701 subjacens
919 639 1064 695 lacus,
1072 642 1259 685 nomine
1269 641 1586 702 Vadimonis;

289 723 427 772 simul
452 722 663 784 quaedam
690 716 972 764 incredibilia
998 729 1261 764 narrantur.
1286 721 1490 765 Perveni
1518 722 1590 768 ad

291 807 460 866 ipsum.
497 802 641 845 Lacus
670 808 738 842 est
771 797 819 840 in
853 792 1199 840 similitudinem
1225 795 1420 855 jacentis
1458 812 1591 846 rotae

294 878 660 937 circumscriptus
673 910 685 930 ‚
710 886 755 919 et
778 871 981 934 undique
996 870 1208 932 aequalis;
1228 870 1385 917 nullus
1410 875 1586 933 sinus,

297 957 543 1018 obliquitas
568 952 725 1008 nulla;
747 952 900 996 omnia
924 950 1131 994 dimensa
1146 983 1160 1004 ,
1182 950 1313 1011 paria
1329 984 1344 1005 ,
1368 963 1417 996 et
1438 958 1592 1012 quasi

301 1035 485 1082 artificis
505 1047 646 1077 manu
664 1042 821 1077 cavata
840 1041 886 1074 et
903 1031 1064 1075 excisa.
1081 1027 1220 1074 Color
1237 1027 1436 1075 caeruleo
1454 1031 1594 1078 albi-

301 1116 419 1168 dior,
438 1110 644 1166 viridior,
668 1121 715 1155 et
730 1110 956 1171 pressior;
988 1106 1220 1168 sulphuris
1242 1107 1382 1163 odor,
1409 1125 1590 1172 sapor..

303 1210 392 1256 que
406 1190 656 1237 medicatus
670 1205 682 1242 ;
697 1189 783 1242 vis,
803 1200 897 1247 qua
913 1184 1056 1231 fracta
1073 1184 1349 1231 solidantur:
1367 1190 1592 1249 spatium
1629 1210 1630 1215 =

305 1268 561 1322 modicum;
587 1263 712 1327 quod
730 1277 883 1311 tamen
901 1263 1063 1308 sentiat
1086 1274 1240 1308 ventos
1252 1298 1266 1319 ,
1290 1275 1336 1310 et
1352 1262 1589 1314 fluctibus

305 1352 587 1395 intumescat.
610 1342 747 1388 Nulla
770 1344 818 1387 in
839 1341 925 1386 hoc
947 1342 1074 1386 navis
1104 1342 1264 1400 (sacer
1284 1344 1438 1404 enim)
1456 1360 1471 1399 ;
1494 1347 1589 1392 sed

304 1430 510 1473 innatant
524 1420 682 1467 insulae
699 1418 926 1475 herbidae,
951 1434 1107 1465 omnes
1125 1418 1350 1466 arundine
1368 1433 1415 1466 et
1429 1422 1588 1482 junco

308 1518 436 1553 tectae
452 1538 465 1558 ,
494 1516 687 1564 quaeque
711 1498 800 1544 alia
818 1496 1057 1543 fecundior
1077 1496 1235 1559 palus,
1268 1500 1465 1561 ipsaque
1497 1501 1588 1549 illa

309 1584 565 1631 extremitas
585 1578 710 1625 lacus
732 1577 882 1623 effert.
905 1579 997 1622 Sua
1017 1578 1183 1637 cuique
1204 1577 1376 1638 figura,
1395 1592 1454 1626 ut
1477 1596 1589 1627 mo-

314 1665 428 1711 dus:
454 1662 626 1709 cunctis
651 1672 809 1718 margo
835 1656 1047 1711 derasus,
1079 1659 1188 1717 quia
1216 1656 1487 1719 frequenter
1509 1661 1591 1707 vel

314 1744 456 1788 littori
477 1739 550 1785 vel
571 1736 659 1783 sibi
678 1734 805 1781 illisae
824 1747 976 1782 terunt
993 1747 1308 1795 terunturque.
1325 1739 1413 1782 Par
1433 1742 1589 1786 omni-

315 1821 401 1868 bus
424 1817 615 1865 altitudo
629 1849 641 1868 ‚
663 1829 749 1875 par
770 1811 952 1858 leuitas:
978 1816 1147 1874 quippe
1169 1815 1217 1858 in
1245 1816 1445 1874 speciem
1470 1820 1590 1863 cari-

316 1918 386 1947 nae
403 1896 568 1944 humili
584 1892 736 1941 radice
752 1891 1047 1937 descendunt.
1069 1893 1175 1936 Haec
1193 1891 1254 1936 ab
1277 1894 1406 1937 omni
1435 1893 1586 1941 latere

317 1979 606 2042 perspicitur,
639 1970 890 2033 eademque
912 1985 1127 2031 suspensa
1146 1973 1319 2031 pariter
1340 1984 1387 2018 et
1412 1988 1583 2019 mersa.

316 2055 549 2102 Interdum
566 2053 733 2112 junctae
750 2048 1086 2110 copulataeque,
1111 2060 1157 2093 et
1174 2051 1424 2096 continenti
1452 2053 1585 2097 simi-

315 2134 379 2181 les
400 2141 510 2177 eunt
521 2147 536 2184 ;
556 2126 786 2175 interdum
804 2125 1166 2172 discordantibus
1188 2128 1333 2173 ventis
1356 2127 1584 2189 digerun-
