1650 2550
347 214 695 260 TRAJANO
727 213 1028 260 DICTUS.
1230 212 1318 277 3⁸17

47 310 281 362 inventio,
308 305 400 353 alia
415 307 735 368 gaudentium.
758 308 984 351 Neutrum
1015 304 1322 353 simulationes

50 388 377 448 expresserint.
404 384 584 430 Habent
605 400 684 429 sua
707 383 847 428 verba
870 385 1047 437 miseri,
1080 398 1161 427 sua
1182 385 1322 430 verba

51 463 206 510 felices
226 479 238 508 z
269 475 419 525 utque
438 462 536 521 jam
558 464 751 508 maxime
771 461 932 507 eadem
954 459 1015 504 ab
1037 463 1238 522 utrisque
1258 462 1327 507 di-

54 554 247 595 cantur,
272 540 406 585 aliter
427 539 657 586 dicuntur.

115 620 322 664 Lxxm.
344 621 510 663 'rems
533 621 630 681 ipse
648 633 695 663 es
713 634 816 681 quae
834 621 881 663 in
899 620 1104 663 omnium
1123 632 1202 662 ore
1221 614 1329 663 laeti·

53 698 120 742 tia
132 714 145 741 τ
157 711 255 741 non
270 697 463 741 amictus
477 697 692 757 cuiquam
704 730 716 750 ,
733 710 823 740 non
839 694 1023 741 habitus
1036 709 1171 755 quem
1188 694 1325 739 modo

54 773 314 821 extulerat:
342 773 448 818 inde
472 773 732 819 resultantia
752 773 940 819 vocibus
961 785 1102 828 tecta,
1125 772 1329 835 nihilque

53 854 198 898 tantis
226 850 506 896 clamoribus
535 853 641 896 satis
673 851 896 896 clausum.
921 854 1033 911 Quis
1065 863 1170 897 tunc
1191 867 1281 896 nou
1303 868 1330 896 e

57 931 259 987 vestigio
287 942 371 972 suo
396 927 601 973 exsiluit?
624 930 725 988 quis
748 928 975 973 exsiluisse
999 929 1164 973 sensit?
1183 926 1332 973 Multa

54 1007 260 1052 fecimus
284 1017 469 1065 sponte,
497 1004 631 1065 plura
653 1007 865 1050 instinctu
893 1004 1094 1064 quodam
1114 1017 1157 1050 et
1181 1007 1333 1066 impe-

58 1086 134 1131 rio
156 1100 168 1128 ε
205 1098 317 1128 nam
344 1082 509 1142 gaudio
531 1097 715 1143 quoque
746 1082 935 1141 cogendi
954 1084 1022 1127 vis
1048 1083 1179 1128 inest.
1210 1085 1332 1128 Num

58 1176 176 1223 ergo
194 1159 390 1207 modum
403 1162 446 1205 ei
461 1173 536 1205 tua
546 1158 707 1204 saltem
715 1159 937 1204 modestia
950 1160 1191 1220 imposuit?
1204 1162 1304 1205 Non
1316 1194 1331 1215 ‚

58 1250 246 1305 quanto
276 1240 418 1299 magis
440 1253 467 1283 a
490 1249 533 1284 te
565 1235 915 1300 reprimebatur,
945 1238 1216 1282 exarsimus?
1241 1253 1335 1285 nou

58 1317 362 1366 contumacia
377 1350 391 1370 ‚
414 1317 563 1361 Caesar
582 1332 594 1361 z
618 1314 698 1360 sed
718 1327 769 1359 ut
791 1317 838 1358 in
862 1327 941 1359 tua
956 1326 1175 1375 potestate
1193 1323 1261 1361 est·
1277 1331 1337 1361 an

59 1397 358 1461 gaudeamus
375 1428 389 1450 ,
413 1396 476 1439 ita
499 1396 546 1439 in
569 1405 793 1455 quantum
819 1409 903 1439 uec
932 1394 977 1437 iu
1005 1405 1171 1440 nostrat
1201 1398 1339 1440 Com-

57 1474 282 1539 probasti
308 1484 355 1517 et
382 1473 478 1532 ipse
508 1470 883 1516 acclamationum
913 1483 1167 1517 nostrarum
1199 1473 1341 1518 fldem

56 1553 382 1614 lucu-ymarum
413 1561 596 1593 tuarum
618 1551 819 1593 veritate.
846 1548 1054 1593 Vidimus
1077 1548 1338 1595 humescen-

58 1645 136 1677 ιω
156 1625 326 1674 oculos
341 1637 442 1671 tuos
457 1658 471 1680 ,
487 1624 825 1686 demissumque
838 1624 1003 1685 gaudio
1017 1624 1189 1670 vultum
1206 1659 1220 1682 ‚
1239 1639 1338 1673 tan-

56 1718 270 1765 tumque
283 1702 511 1760 sanguinis
532 1704 577 1745 in
596 1715 675 1745 ore
688 1734 701 1755 ‚
719 1713 941 1763 quantum
959 1704 1006 1746 in
1024 1706 1177 1746 animo
1190 1704 1338 1763 pudo—

55 1790 145 1832 ris.
169 1790 326 1841 Atque
346 1778 431 1824 hoe
450 1781 592 1838 magis
611 1781 774 1824 incensi
788 1794 952 1824 sumus
970 1790 1021 1823 ut
1033 1793 1339 1839 precaremur,

53 1880 119 1910 ne
129 1856 334 1924 quando
346 1856 431 1902 tibi
441 1871 530 1901 non
546 1856 704 1902 eadem
714 1872 850 1902 causa
863 1856 1163 1918 lacrymarum
1175 1874 1190 1912 ;
1201 1870 1343 1919 utque

53 1951 315 2001 ununquam
346 1934 542 1981 frontem
562 1948 698 1990 ‚tuam
728 1935 1025 1996 absterget-es.
1061 1937 1155 1981 Hoc
1186 1938 1340 1997 ipsum

57 2023 153 2069 has
183 2015 317 2062 sedes
340 2029 424 2060 nos
443 2016 573 2076 quasi
595 2028 888 2075 responsuras
911 2017 1261 2074 interrogemus,
1282 2019 1346 2062 vi-

58 2098 290 2145 den-inme
317 2104 524 2150 unquam
557 2091 771 2152 principis
799 2090 1052 2153 lacrymas:
1096 2102 1142 2136 at
1168 2104 1346 2137 senatus

57 2187 196 2239 ,αρε
218 2167 451 2215 viderunt.
472 2167 680 2213 onerasti
700 2165 880 2213 futuros
907 2168 1133 2227 principes
1154 2182 1167 2212 ι
1201 2167 1281 2212 sed
1302 2179 1351 2214 et
