1650 2550
379 211 722 256 TRAJANO
757 212 1052 257 DICTUS.
1256 214 1343 263 285

77 302 309 350 destinam
328 317 519 363 ganeam
538 302 856 365 occultumque
878 304 1031 350 luxum
1051 304 1203 354 refers.
1226 311 1343 371 Ergo

82 396 174 426 non
196 396 395 435 aurum,
428 397 509 425 nec
532 394 793 440 argentum,
817 397 899 426 nec
920 384 1136 444 exquisita
1166 386 1344 446 ingenia

79 475 343 513 mnarum,
376 459 457 504 sed
487 462 754 506 suavitatem
785 472 910 506 tuam
927 460 1344 526 jucunditatemque

79 539 329 591 miramur,
347 537 515 598 quibus
532 537 655 582 nulla
675 539 854 584 satietas
873 538 1023 594 adest,
1043 539 1226 598 quando
1249 545 1341 586 sin-

79 629 184 660 cera
212 616 396 668 omnia,
425 625 470 658 et
504 629 634 667 vera,
662 625 707 658 et
736 626 895 659 ornata
923 616 1155 674 gravitate.
1186 618 1343 676 Neque

81 694 208 737 enim
236 703 321 736 aut
350 693 601 753 peregrinae
637 694 960 752 superstitionis
993 695 1226 757 mysteria,
1264 707 1345 742 aut

79 768 280 815 obscum
309 765 562 828 petulantia
590 769 751 814 mensis
778 771 993 829 principis
1021 770 1226 825 oberrat3
1262 773 1342 818 sed

80 846 285 908 benigna
316 847 546 901 invitatio,
575 857 619 890 et
651 846 857 892 liberales
878 847 995 906 joci,
1019 861 1063 894 et
1089 850 1343 897 studiorum

80 923 251 969 honor.
273 923 388 969 Inde
408 923 490 968 tibi
509 938 670 983 parcus
687 935 730 968 et
745 923 894 969 brevis
912 940 1117 981 somnus,
1151 926 1346 974 nullum-

83 1018 176 1064 que
204 1016 366 1046 amore
389 1003 530 1046 nostri
559 1003 790 1061 angustius
819 1013 1023 1062 tempus,
1058 1020 1196 1065 quam
1223 1006 1348 1067 quod

84 1082 181 1126 sine
203 1078 342 1124 nobis
360 1080 468 1138 agis.

148 1159 203 1201 1..
231 1160 324 1201 Sto
347 1169 492 1216 quum
520 1153 654 1199 rebus
683 1155 771 1200 tuis
797 1166 851 1199 ut
869 1156 1107 1217 participes
1132 1157 1344 1217 perfrua-

86 1249 211 1290 mur,
228 1247 336 1294 quae
348 1230 569 1277 babemus
582 1232 666 1293 ipsi
678 1266 690 1287 ,
706 1246 845 1294 quam
859 1234 1041 1292 propria
1058 1266 1071 1287 ‚
1086 1248 1222 1293 quam
1244 1252 1350 1283 nos-

85 1325 157 1360 tra
190 1310 326 1357 sunt!
355 1311 453 1354 Non
473 1312 593 1354 enim
611 1309 858 1355 exturbatis
878 1310 1106 1370 prioribus
1127 1312 1347 1371 dominis,

85 1405 227 1435 omne
237 1401 450 1449 stagnum
462 1420 475 1440 ,
486 1402 665 1432 omnem
674 1388 824 1433 lacum
832 1421 845 1441 ,
854 1403 1033 1434 omnem
1043 1390 1177 1436 etiam
1187 1394 1353 1439 saltum

85 1469 315 1513 immensa
328 1466 605 1526 possessione
618 1466 915 1510 circumvenis
927 1482 941 1519 ;
962 1481 1044 1511 nec
1064 1470 1195 1513 unius
1208 1469 1351 1516 oculis

89 1544 312 1595 flumina,
331 1542 476 1587 fontes
489 1574 502 1594 ‚
520 1543 664 1586 maria
675 1541 949 1587 deserviunt.
974 1545 1049 1588 Est
1061 1545 1183 1604 quod
1203 1548 1351 1591 Caesar

89 1639 183 1668 non
204 1636 345 1667 suum
369 1619 545 1674 videat3
574 1619 846 1681 tandemque
874 1622 1112 1682 imperium
1138 1625 1351 1684 principis

90 1715 236 1762 quam
251 1697 579 1760 patrimonium
595 1697 744 1757 majus
754 1708 837 1742 est.
850 1696 996 1742 Multa
1009 1699 1128 1742 enim
1144 1715 1194 1742 ex
1213 1701 1350 1758 patri-

92 1778 252 1823 monio
264 1772 403 1819 refert
411 1775 458 1817 iu
468 1775 709 1834 imperium
721 1807 734 1828 ‚
750 1789 852 1834 quae
860 1775 1033 1833 priores
1042 1774 1262 1834 principes
1273 1791 1351 1821 oc-

89 1854 352 1917 cupabant,
368 1867 459 1896 non
479 1864 530 1896 ut
545 1853 628 1912 ipsi
643 1850 900 1897 fruerentur
911 1885 923 1906 ‚
940 1850 1018 1896 sed
1032 1866 1088 1895 ne
1102 1852 1202 1911 quis
1216 1852 1345 1899 alius.

92 1935 218 1993 Ergo
237 1932 284 1975 in
306 1931 491 1988 vestigia
507 1929 726 1990 sedesque
749 1927 970 1974 nobilium
987 1930 1241 1987 immigrant
1266 1946 1349 1991 pa-

93 2026 168 2055 res
186 2007 389 2060 domini3
410 2022 491 2051 nec
504 2007 599 2066 jam
618 2005 970 2051 clarissimorum
984 2006 1183 2049 virorum
1202 2022 1352 2069 recep.

93 2085 249 2134 ucula
269 2083 520 2130 habitatore
538 2097 667 2128 servo
681 2096 906 2138 teruntur,
926 2095 1004 2128 aut
1016 2080 1135 2127 foeda
1149 2088 1352 2133 vastitate

95 2161 427 2230 procumbunt.
448 2164 594 2209 Datur
611 2163 776 2208 intueri
796 2161 1255 2224 pulcherrimasoedes
1275 2165 1357 2212 de-
