1650 2550
369 144 716 190 TRAJANO
750 146 1047 193 DICTUS.
1252 142 1339 206 ‘293

56 238 104 283 in
139 235 496 299 rempublicam
526 240 687 282 merita
716 240 903 298 privatis
933 237 1214 284 dicabantur.
1253 240 1341 283 Vi-

59 329 232 362 suntur
254 313 424 360 eadem
442 331 467 358 e
486 317 673 359 materia
691 316 877 359 Caesaris
907 326 1063 360 statuae
1074 348 1088 370 ,
1112 329 1203 376 qua
1220 317 1341 360 Bru-

57 404 220 437 torum
246 426 261 442 ,
306 406 403 452 qua
449 390 759 436 Camillorum.
801 393 894 435 Nec
927 391 1153 452 discrepat
1190 406 1339 436 causa.

61 470 132 516 llli
175 472 314 516 enim
375 484 500 529 reges
553 468 820 530 hostemque
864 472 1081 515 victorem
1121 469 1345 514 moenibus

59 546 359 609 depulerunt
385 564 395 592 :
441 545 516 590 hic
560 561 749 606 regnum
789 549 941 607 ipsum
963 580 976 601 ‚
1017 561 1209 608 quaeque
1258 545 1345 590 alia

60 628 317 688 eaptivitas
365 626 504 684 gignit
518 658 531 679 ‚
571 636 694 669 arcet
724 640 776 669 ac
804 624 1066 680 submovet,
1104 623 1346 684 sedemque

63 704 252 750 obtinet
271 703 495 764 principis
509 735 523 755 ,
542 716 598 746 ne
620 703 679 747 sit
696 700 882 746 domino
902 700 1042 748 locus.
1066 704 1129 746 Ac
1148 699 1260 745 mihi
1282 702 1349 744 in*—

62 784 219 827 tuenti
257 780 534 840 sapientiam
568 790 692 823 tuam
705 814 719 834 ‚
756 781 907 824 minus
946 781 1114 824 mirum
1149 776 1347 833 videtur,

67 859 201 921 quod
226 855 451 903 mortales
472 858 579 901 istos
601 855 885 918 caducosque
904 855 1059 902 titulos
1081 869 1161 902 aut
1181 856 1350 917 depre-
1397 902 1405 909 ,

66 941 189 985 ceris
220 949 310 983 aut
337 948 572 996 temperes.
603 938 694 981 Scis
723 937 847 980 enim
873 935 955 980 ubi
976 951 1082 980 vera
1105 936 1318 997 principis
1335 968 1349 990 ,

67 1016 152 1062 ubi
177 1016 469 1075 sempiterna
491 1014 548 1057 sit
565 1012 735 1073 gloria3
758 1012 838 1057 ubi
858 1014 946 1058 sint
967 1011 1157 1057 honores
1179 1016 1222 1057 in
1242 1027 1354 1074 quos

69 1094 191 1139 nihil
219 1092 427 1138 flammis
443 1125 455 1145 ,
481 1089 594 1135 nihil
617 1092 860 1145 senectuti,
884 1088 997 1135 nihil
1028 1089 1355 1135 successoribus

66 1170 227 1217 liceat.
253 1176 404 1215 Arcus
423 1171 544 1213 enim
562 1180 606 1212 et
620 1179 787 1213 statuas
800 1202 812 1222 ,
838 1183 937 1211 aras
953 1168 1088 1212 etiam
1104 1166 1356 1228 templaque

71 1248 341 1296 demolitur
371 1257 417 1293 et
447 1245 656 1291 obscurat
685 1245 880 1301 oblivio,
912 1243 1094 1306 negligit
1123 1240 1356 1306 carpitque

70 1330 335 1390 posteritas
354 1341 363 1368 z
381 1336 536 1371 contra
551 1337 833 1385 contemptor
849 1323 1105 1368 ambitionis
1119 1356 1132 1378 ‚
1153 1334 1197 1368 et
1215 1324 1359 1367 inlini·

70 1419 131 1453 tae
145 1405 399 1469 potestatis
413 1402 609 1447 domitor
627 1418 678 1447 ac
691 1401 893 1446 frenator
908 1402 1084 1446 animus
1104 1402 1199 1462 ipsa
1215 1413 1360 1446 vetus-

73 1497 170 1532 tate
179 1482 391 1530 florescit
406 1497 418 1534 ;
432 1480 580 1526 necab
596 1479 699 1525 ullis
712 1482 854 1539 magis
869 1479 1094 1535 laudatur,
1110 1494 1249 1541 quam
1258 1480 1362 1539 qui-

73 1563 166 1610 bus
190 1562 390 1608 minime
409 1574 586 1604 necesse
602 1571 682 1604 est.
700 1560 917 1603 Praeterea
933 1570 985 1603 ut
1003 1560 1195 1620 quisque
1218 1556 1376 1601 factus·

75 1652 150 1687 est
175 1640 427 1702 princeps,
451 1634 672 1696 extemplo
694 1636 816 1680 fama
839 1636 935 1694 ejus
950 1669 964 1688 ‚
989 1636 1212 1680 incertum
1241 1632 1362 1676 bona

76 1736 142 1765 an
164 1717 294 1764 mala
312 1751 326 1770 ,
355 1726 568 1760 caeternm
589 1727 755 1760 aeterna
780 1726 864 1759 est.
887 1716 988 1758 Non
1011 1727 1117 1772 ergo
1143 1723 1362 1771 perpetua

76 1797 294 1860 principi
311 1792 436 1839 fama
448 1826 463 1848 ,
487 1809 588 1855 quae
607 1795 796 1837 invitum
816 1803 967 1836 manet
987 1825 999 1846 ,
1019 1790 1099 1834 sed
1119 1789 1237 1832 bona
1257 1789 1360 1831 con·

81 1870 373 1938 cupiscenda
387 1883 469 1916 est.
485 1873 553 1914 Ea
567 1886 703 1931 porro
717 1885 808 1914 non
822 1868 1096 1928 imag³mbus
1115 1877 1160 1910 et
1177 1865 1335 1909 statuis
1347 1897 1361 1918 ,

83 1954 355 2000 sedvirtnte
370 1964 423 1993 ac
437 1949 605 1995 meritis
619 1960 904 2009 prorogatur.
918 1948 1038 2005 Quin
1049 1944 1185 1989 etiam
1196 1939 1366 1985 leviora

85 2033 190 2078 haec
205 2066 219 2086 ‚
255 2029 454 2073 formam
491 2028 703 2087 principis
738 2026 1047 2086 figuramque,
1080 2034 1172 2065 nou
1201 2033 1366 2063 aurum

88 2107 262 2154 melius
279 2104 356 2151 vel
367 2105 605 2164 argeutum
622 2137 636 2159 ,
659 2117 799 2167 quam
815 2101 947 2146 favor
968 2099 1205 2144 hominum
1224 2095 1368 2156 expri-
