1650 2550
512 206 738 252 mann
776 192 939 253 vm.
1299 226 1356 273 29

20 284 21 289 ¹
103 311 152 345 ut
169 314 257 345 non
277 311 464 363 possent
485 315 584 345 esse
604 302 692 345 nisi
718 299 919 361 singulae.
944 300 1066 360 Quid
1087 301 1206 349 enim
1228 318 1359 349 com-

106 391 235 423 mune
252 378 393 425 habet
411 378 619 424 occidere
638 389 683 424 et
700 379 929 440 relegare?
945 394 1035 425 non
1056 380 1237 427 hercule
1255 397 1360 427 ma-

103 459 162 515 gis
182 473 326 520 qnam
345 456 554 518 relegare
584 470 632 503 et
652 457 887 505 absolvere
907 475 922 514 ;
944 475 1223 523 quamquam
1247 476 1359 522 pro-

101 536 197 595 pior
216 535 452 598 aliquanto
466 547 535 582 est
549 538 780 582 sententiae
796 535 1032 600 relegentis
1045 572 1058 592 ‚
1081 555 1183 600 quae
1201 539 1359 585 absol·
1399 584 1406 592 ,

104 614 183 666 vit,
204 629 348 676 quam
366 628 473 675 quae
490 613 684 660 occidit:
708 625 899 676 utraque
917 617 1036 660 enim
1051 632 1104 661 ex
1119 616 1203 661 illis
1218 618 1356 662 vitani

100 689 332 753 relinquit,
353 690 453 736 baec
470 690 646 737 adimit.
668 692 823 750 Quum
842 693 1021 737 iuterim
1042 704 1087 738 et
1109 696 1186 755 qui
1211 707 1355 740 morte

100 769 345 830 puniebant
358 803 371 824 ‚
405 781 452 816 et
482 771 564 829 qui
600 768 884 829 relegabant,
919 785 1010 815 una
1042 771 1278 825 sedebant,
1311 781 1357 817 et

101 848 371 909 temporaria
382 844 673 891 simulatione
686 845 940 893 concordiae
949 845 1220 893 discordiam
1230 848 1359 893 diffe-

100 920 252 969 rebant
264 938 280 977 ;
294 937 380 983 ego
398 920 705 983 postulabam,
722 934 773 968 ut
786 921 931 968 tribus
945 925 1172 969 sententiis
1185 936 1357 969 consta·

100 1012 162 1047 ret
190 1014 302 1045 suus
334 1014 585 1053 numerus»,
614 1014 697 1044 nec
723 1016 770 1046 se
795 998 1010 1045 brevibus
1034 999 1222 1047 induciis
1253 1000 1357 1047 duae

97 1077 347 1140 jungerent.
364 1077 609 1138 Exigebam
623 1093 731 1139 ergo
745 1113 759 1133 ‚
775 1090 826 1125 ut
845 1081 923 1141 qui
936 1079 1117 1140 capitali
1135 1080 1354 1141 supplicio

101 1154 356 1203 afficiendos
375 1154 624 1217 putabant,
648 1155 929 1202 discederent
946 1172 972 1201 a
996 1155 1218 1216 relegante
1232 1191 1245 1212 ,
1268 1172 1352 1203 nec

102 1234 276 1281 interim
298 1244 459 1281 eontra
477 1231 760 1280 absolventes
780 1248 883 1279 mox
902 1232 1144 1279 dissensuri
1162 1248 1356 1295 congre-

102 1324 328 1371 gan-entur,
342 1313 453 1374 quia
467 1310 710 1372 parvulum
726 1309 913 1357 referret
924 1346 936 1366 ,
951 1327 1008 1356 an
1022 1310 1142 1357 idem
1157 1311 1359 1373 displice-

102 1401 188 1446 ret,
215 1388 389 1452 quibus
411 1404 502 1433 non
524 1388 648 1433 idem
666 1387 922 1450 placuisset.
949 1388 1064 1435 lllud
1085 1392 1221 1436 etiam
1243 1390 1358 1436 mihi

101 1469 348 1527 permirum
363 1464 626 1521 videbatur,
642 1481 750 1511 eum
769 1465 976 1530 quidem,
989 1469 1067 1529 qui
1085 1467 1269 1514 libertos
1284 1485 1357 1515 re-

102 1540 310 1605 legandos
325 1578 339 1599 ‚
365 1559 516 1589 servos
534 1542 757 1605 supplicio
779 1544 1065 1600 afficiendos,
1088 1549 1356 1604 censuisset,

103 1637 303 1669 eoamum
321 1639 418 1669 esse
431 1622 633 1669 dividere
642 1626 907 1669 sententiam
921 1624 1066 1677 ;hunc
1084 1638 1257 1683 autem,
1275 1629 1357 1690 qui

104 1696 283 1746 libertos
302 1713 449 1746 morte
465 1698 704 1744 mulctaret
716 1733 729 1755 ,
743 1715 849 1745 cum
864 1699 1088 1761 relegante
1106 1706 1350 1749 numerari.

104 1778 215 1823 Nam
235 1780 275 1823 si
297 1779 571 1839 oportuisset
593 1776 734 1822 dividi
765 1782 1035 1825 senteutiam
1061 1782 1218 1835 nnius,
1246 1783 1355 1843 qnia

104 1868 170 1898 res
186 1853 301 1899 duas
319 1853 757 1915 comprehendebat,
776 1870 868 1901 non
891 1854 1170 1917 reperiebam
1192 1872 1354 1919 quem·

106 1930 347 1976 admodum
371 1942 523 1992 posset
539 1930 668 1990 jungi
694 1934 912 1978 sententia
932 1932 1131 1978 duorum
1157 1945 1250 1979 tam
1281 1933 1355 1979 di-

107 2023 227 2054 versa
255 2010 553 2055 censentium.
591 2013 735 2071 Atque
765 2010 883 2056 adeo
912 2012 1122 2071 permitte
1148 2010 1259 2064 mihi
1291 2013 1354 2057 sie

106 2085 222 2146 apud
242 2098 317 2140 te,
338 2097 577 2146 tamquam
606 2085 670 2130 ibi
685 2119 699 2141 ,
723 2087 785 2132 sie
806 2099 990 2148 peracta
1012 2101 1085 2141 re,
1118 2097 1352 2148 tamquam

104 2163 247 2212 adhuc
264 2165 443 2226 integra
453 2196 469 2219 ‚
485 2164 705 2211 rationem
716 2163 879 2224 judicii
896 2166 988 2210 mei
998 2163 1212 2219 reddere;
1229 2179 1355 2227 qua-
