1650 2550
340 217 684 262 Titan-No
720 217 1018 262 DICTUS.
1218 214 1310 271 243

55 305 215 352 ducem
230 341 244 362 ,
275 322 424 352 unum
444 324 497 353 ex
515 307 602 354 illis
622 307 852 354 veteribus
873 319 917 353 et
945 307 1102 369 priscis
1115 341 1127 362 ‚
1151 306 1317 368 quibus

57 384 405 445 imperatorium
440 401 607 431 nomen
638 385 869 431 addebant
899 385 1088 431 contecti
1122 384 1320 430 caedibus

56 464 206 524 campi
219 479 249 518 ‚·
265 474 314 508 et
332 463 496 509 infecta
521 466 719 510 victoriis
738 464 898 509 maria.
921 464 1177 524 Accipimus
1195 463 1317 508 obsi-

55 538 132 585 des
155 554 266 600 ergo
279 574 292 596 ,
316 556 408 585 non
431 542 651 595 emimns;
668 557 751 586 nec
769 540 1026 603 ingentibus
1045 539 1221 585 damnis
1240 542 1322 585 im—

59 621 323 680 mensisque
356 619 625 665 muneribus
652 619 948 678 paciscimur,
981 630 1033 664 ut
1062 618 1318 663 vicerimus.

60 695 263 754 Rogant,
295 695 576 758 supplicant;
607 696 842 756 largimur,
873 709 1115 756 negamus:
1142 705 1327 739 utrum-

63 789 153 835 que
172 789 227 819 ex
248 775 431 836 imperii
458 774 705 833 majestate.
720 777 872 834 Agunt
897 775 1061 833 gratias
1080 773 1160 834 qui
1183 772 1330 833 impe-

59 863 330 897 traverunt:
363 866 454 896 non
474 850 643 898 audent
667 854 797 913 queri
815 851 982 912 quibus
1007 862 1220 914 negatum
1244 862 1326 896 est.

65 933 134 975 An
166 928 394 985 audeant,
428 929 508 990 qni
543 930 684 974 sciant
715 940 758 974 te
788 927 1013 973 adsedisse
1043 927 1329 974 ferocissimis

64 1003 252 1068 populis
278 1019 337 1049 eo
365 1007 464 1065 ipso
481 1017 710 1066 tempore,
734 1005 859 1067 quod
876 1006 1198 1051 amicissimum
1217 1004 1330 1061 illis,

65 1081 392 1136 difficillimum
428 1082 585 1138 nobis;
623 1098 767 1145 quum
801 1082 1040 1128 Danubius
1074 1084 1195 1144 ripas
1230 1082 1334 1145 gelu

60 1162 218 1222 jungit
229 1195 243 1216 ,
258 1160 541 1222 duratusque
554 1160 695 1223 glacie
710 1162 906 1219 ingentia
922 1170 1046 1220 tergo
1062 1160 1180 1206 bella
1194 1173 1336 1207 trans-

67 1248 252 1302 portat;
284 1252 433 1300 quum
453 1236 560 1283 ferae
591 1249 742 1301 gentes
764 1251 854 1282 non
880 1237 978 1283 telis
1005 1241 1170 1298 magis,
1199 1255 1338 1303 quam

71 1333 155 1364 suo
175 1315 321 1371 coelo,
346 1331 430 1361 suo
443 1315 588 1362 sidere
602 1316 865 1362 armantur?
882 1314 970 1361 Sed
983 1316 1062 1361 ubi
1076 1318 1120 1361 in
1138 1322 1340 1378 proximo

72 1410 124 1443 tu
136 1431 149 1452 ,
167 1410 267 1441 non
293 1409 422 1440 secus
440 1410 492 1440 ac
506 1396 543 1438 si
557 1406 739 1441 mutatae
762 1406 1020 1455 temporum
1035 1395 1152 1441 vices
1168 1408 1339 1452 essent,

71 1475 141 1521 ini
162 1473 361 1537 quidem
381 1471 582 1518 latibulis
604 1475 696 1518 snis
718 1471 858 1518 clausi
877 1472 1170 1528 tenebantur;
1191 1487 1344 1521 nostra

77 1553 269 1614 agmina
304 1565 570 1611 percursare
604 1553 750 1612 ripas,
783 1562 828 1596 et
859 1549 1002 1596 aliena
1030 1555 1284 1608 occasione,
1310 1555 1346 1597 si

77 1629 401 1692 permitteres,
422 1630 514 1683 nti,
536 1627 749 1690 ultroque
779 1626 976 1674 hiemem
995 1644 1124 1691 suam
1142 1629 1349 1677 barbaris

80 1708 259 1754 inferre
276 1704 554 1767 gaudebant.

144 1786 274 1833 xm.
298 1786 412 1831 Huc
426 1782 509 1829 tibi
522 1780 645 1843 apud
658 1780 807 1827 hostes
826 1785 1070 1829 veneratio.
1088 1784 1210 1843 Quid
1228 1786 1351 1845 apud

86 1867 264 1913 milites
283 1865 306 1908 ‘2’
355 1878 495 1925 quam
537 1861 882 1906 admirationem
906 1896 919 1916 ,
964 1861 1352 1922 quemadmodum

86 1942 400 2006 comparasti?
427 1954 568 2002 quum
591 1951 741 1984 tecum
764 1939 987 1994 inediam,
1013 1951 1162 1984 tecum
1185 1938 1354 1990 ferrent

90 2029 220 2073 sitim
238 2040 250 2069 ι
272 2036 425 2085 quum
450 2021 497 2064 in
520 2018 596 2063 illa
615 2018 906 2064 meditatione
932 2019 1170 2078 campestri
1190 2019 1356 2068 milita·

92 2106 228 2152 ribus
250 2103 414 2149 turmis
436 2099 776 2160 imperatorium
799 2097 1034 2159 pulverem
1056 2098 1358 2164 sudoremque
1406 2134 1409 2139 .

95 2187 315 2233 misceres
328 2214 343 2238 ,
366 2177 484 2224 nibil
505 2192 533 2222 a
553 2177 723 2224 caeteris
744 2177 831 2221 nisi
850 2176 1015 2221 robore
1034 2192 1085 2222 ac
1104 2182 1363 2239 praestantia
