1650 2550
282 166 364 196 102
604 154 656 197 C.
693 152 938 196 PL1N11
972 151 1207 195 EPIST.

274 245 423 287 caeten·
445 244 590 301 pueri.
613 240 883 287 Incredibile
898 244 911 298 (
926 252 1020 286 tam
1041 256 1207 286 verum
1224 250 1389 285 tamen
1411 252 1571 301 quam

272 322 454 381 priora)
471 320 739 381 delphinum
760 333 1030 381 gestatorem
1048 318 1427 381 collusoremque
1446 334 1563 380 pue·

272 414 431 444 rorum
452 402 499 444 in
522 412 688 445 terram
716 416 900 462 quoque
927 398 1101 444 extrahi
1131 396 1318 444 solitum
1334 433 1349 453 ,
1375 401 1559 443 arenis·

274 491 364 537 que
399 477 637 531 siccatum,
673 476 752 521 ubi
786 475 1070 531 incaluisset,
1107 477 1156 519 in
1188 490 1318 520 mare
1353 475 1556 521 revolvi.

272 556 459 600 Constat
473 557 710 601 Octavium
723 557 908 601 Avitum
920 589 933 610 ‚
948 553 1145 615 legatum
1160 553 1460 615 proconsulis
1472 590 1487 609 ,
1509 557 1557 600 in

271 632 397 681 littus
416 634 580 680 educto
602 634 816 694 religione
837 649 978 695 prava
998 632 1310 695 superfudisse
1332 649 1553 693 unguen-

274 723 400 766 tum3
428 712 555 771 cujus
581 711 709 757 illum
740 713 987 757 novitatem
1013 711 1298 772 odoremque
1326 712 1375 755 in
1400 710 1553 757 altum

271 789 487 851 refugisse
502 824 514 845 ,
536 805 620 834 nec
640 790 726 834 nisi
749 802 851 850 post
872 788 1038 835 multos
1061 789 1158 835 dies
1180 793 1332 835 visum
1361 789 1553 852 langui-

273 866 385 912 dum
408 879 453 913 et
479 879 715 921 moestum3
745 883 850 911 mox
881 867 1068 912 redditis
1100 866 1301 921 viribus,
1334 871 1551 928 priorem

271 945 500 992 lasciviam
514 958 559 991 et
573 944 700 990 solita
716 946 963 990 ministeria
983 947 1214 1006 repetisse.
1231 945 1550 995 Confluebant

270 1025 329 1071 ad
356 1023 660 1086 spectaculum
686 1039 842 1068 omnes
873 1026 1187 1084 magistratus,
1212 1040 1419 1087 quorum
1450 1027 1547 1071 ad·-

268 1116 405 1150 ventu
428 1115 473 1149 et
498 1119 626 1148 mora
647 1101 821 1147 modica
842 1101 1097 1162 respublica
1118 1105 1247 1148 novis
1275 1104 1547 1165 sumptibus

268 1183 561 1230 atterebatur.
582 1185 813 1227 Postremo
833 1180 958 1226 locus
976 1183 1073 1243 ipse
1087 1185 1291 1243 quietem
1309 1200 1444 1230 suam
1461 1201 1541 1231 se·

268 1276 534 1323 cretumque
555 1258 790 1322 perdebat.
819 1257 995 1306 Placuit
1019 1259 1195 1306 occulte
1219 1261 1447 1318 interfici,
1478 1263 1542 1310 ad

269 1341 392 1404 quod
419 1339 639 1386 coibatur.
671 1342 774 1384 Haec
798 1351 846 1384 tu
871 1353 961 1399 qua
990 1341 1304 1397 miseratione,
1330 1358 1426 1404 qua
1458 1360 1541 1389 co·

266 1424 344 1485 pia
376 1419 590 1473 deflebis,
624 1419 834 1475 ornabis,
871 1419 1071 1466 attolles!
1110 1422 1410 1484 Quamquam
1443 1442 1537 1471 uon

266 1514 333 1549 est
350 1514 464 1560 opus
487 1497 673 1557 affingas
690 1496 866 1558 aliquid
880 1532 893 1553 ‚
911 1510 991 1544 aut
1003 1498 1239 1544 adstruas:
1266 1502 1457 1560 sufficit,
1476 1519 1536 1549 ne

268 1598 346 1638 ea,
371 1596 473 1643 quae
491 1590 595 1624 sunt
616 1593 748 1632 vera,
769 1579 1049 1623 minuantur.
1074 1577 1204 1624 Vale.
