1650 2550
235 170 296 215 68
568 172 620 215 C.
655 171 898 215 PLlNll
934 168 1163 213 EPIST.

241 266 473 309 carorum?
490 266 690 310 Lacessis
709 264 927 311 hominem
934 268 1035 327 jam
1054 261 1327 325 praefhctum
1343 264 1548 316 cerarii,

240 350 285 386 et
318 341 440 386 brevi
472 340 724 397 consulem,
752 349 971 405 praeterea
1006 356 1098 403 qua
1130 342 1280 400 qratia
1293 373 1313 393 ‚
1352 342 1549 403 quibus

218 418 652 482 'amicitiisfultum!
678 422 892 464 Nominat
918 416 1191 479 quandona,
1214 420 1298 477 qui
1324 430 1450 464 tunc
1477 418 1549 463 ad

244 499 477 542 Orientem
485 496 816 557 amplissimum
827 506 874 541 et
882 495 1235 540 famosissimum
1244 496 1544 550 exercitum,

246 590 339 619 non
361 576 456 619 sine
482 577 656 634 magnis
682 573 927 636 dubiisque
945 571 1232 627 rumoribus,
1254 570 1543 619 obtinebat.

248 650 320 696 Ad
341 650 436 697 haec
459 666 568 712 ego:
595 652 757 696 Omnia
772 653 987 715 praecepi,
1007 660 1142 715 atque
1160 652 1310 693 animo
1341 665 1544 695 mecum

249 737 353 773 ante
371 730 524 791 pereqi
549 731 743 788 (1).·nec
771 744 950 782 recuso,
966 731 1007 773 si
1034 730 1095 772 ita
1124 741 1259 772 casus
1285 725 1543 782 attulerit,

250 805 375 852 luere
395 822 552 870 poenas
564 806 618 852 ob
634 805 989 852 honestissimum
990 806 1174 867 factum
1183 839 1199 860 ,
1213 805 1548 867 dumflaqitio-

252 886 476 930 sissimum
490 883 689 930 uldscor.
706 887 810 930 Jam
823 884 1035 930 censendi
1063 895 1256 945 tempus.
1278 888 1406 932 Dicit
1427 890 1545 933 Do-

254 966 410 1010 mitius
430 963 726 1025 Apollinaris,
747 962 905 1008 consul
922 962 1205 1024 designatus;
1221 965 1333 1010 dicit
1352 965 1542 1012 Fabri-

256 1047 345 1091 tius
360 1047 548 1091 Veiento
561 1079 574 1100 ‚
590 1045 757 1092 Fabius
771 1043 1061 1090 Posthumius
1074 1079 1087 1099 ,
1103 1047 1286 1091 Vectius
1300 1045 1540 1091 Proculus

256 1122 428 1185 collega
444 1121 635 1169 Publicii
651 1124 799 1176 Certi,
818 1122 877 1167 de
896 1138 987 1183 qno
1004 1122 1222 1182 agebatur
1234 1156 1248 1177 ,
1269 1125 1424 1168 uxoris
1448 1140 1541 1169 au-

260 1211 354 1246 tem
376 1216 487 1245 meae
499 1234 512 1255 ,
528 1214 666 1261 quam
684 1201 925 1244 amiseram
939 1233 952 1254 ‚
974 1201 1183 1244 vitricus:
1205 1211 1308 1259 post
1321 1198 1409 1245 hos
1425 1203 1544 1246 Am·

264 1282 383 1326 mius
409 1279 610 1325 Flaccus.
631 1282 799 1325 Omnes
831 1282 1043 1335 Certum,
1066 1278 1272 1324 nondum
1296 1295 1324 1324 a
1342 1297 1420 1326 me
1447 1297 1545 1326 no-

264 1360 485 1404 minatum
497 1390 511 1410 ,
544 1367 595 1401 ut
625 1359 907 1402 nominatum
942 1354 1193 1401 defendunt
1216 1372 1228 1400 ε
1262 1358 1542 1419 crimenque

266 1435 397 1495 quasi
410 1435 457 1478 in
470 1431 620 1477 medio
633 1431 843 1478 relictum
855 1431 1117 1477 defensione
1131 1434 1403 1493 suscipiunt.
1420 1437 1540 1495 Quae

265 1523 483 1573 praeterea
497 1509 689 1555 dixerint
701 1544 714 1565 ,
728 1526 819 1555 non
836 1522 904 1556 est
917 1526 1094 1555 necesse
1112 1526 1325 1567 narrare3
1341 1514 1390 1556 iu
1404 1511 1539 1559 libris

268 1586 425 1633 habes.
447 1589 556 1631 Sum
578 1588 698 1630 enim
719 1599 884 1632 cuncta
903 1589 1104 1647 ipsorum
1121 1587 1272 1633 verbis
1284 1604 1540 1652 persequu-

271 1679 360 1713 tus.
379 1666 548 1709 Dicunt
569 1676 724 1709 contra
739 1665 930 1710 Avidius
948 1667 1137 1724 Quietus
1150 1700 1164 1721 ,
1184 1669 1415 1713 Cornutus
1429 1671 1540 1713 Ter-

270 1741 427 1790 tullus.
467 1743 683 1802 Quietus:
719 1744 1044 1805 im'qut‘ssimum
1078 1758 1174 1788 esse
1206 1744 1419 1807 querelas
1451 1748 1535 1792 do-

276 1821 461 1867 lentium
481 1820 666 1866 excludi
671 1839 688 1873 ;
708 1821 890 1884 ideoque
908 1822 1056 1866 Arrioe
1072 1830 1118 1866 et
1135 1824 1415 1886 Fanniaejus
1427 1841 1537 1888 que-

274 1902 403 1946 rendi
423 1916 513 1944 non
538 1899 858 1959 aufhrendum:
879 1917 960 1947 nec
987 1905 1195 1947 interesse
1220 1906 1352 1965 cnjus
1369 1904 1538 1949 ordinis

277 1982 377 2041 quis
395 1980 476 2033 sit,
504 1979 584 2022 sed
613 1993 749 2039 quam
769 1993 954 2022 causam
983 1978 1153 2023 habeat.
1180 1981 1435 2025 Cornutus:
1458 1983 1539 2026 da-

280 2065 373 2102 tum
396 2071 443 2100 se
459 2073 488 2099 a
511 2052 762 2100 consulibus
792 2063 981 2101 tutorem
1006 2055 1202 2102 Helvidii
1214 2054 1357 2116 filiae,
1385 2069 1540 2121 peten-

338 2189 401 2248 (1)
424 2192 553 2233 Vno.
572 2194 736 2233 AEneid.
758 2204 824 2241 vx,
852 2196 935 2235 105.
