1650 2550
360 220 705 265 TRAJANO
741 220 1042 266 DICTUS.
1244 221 1332 280 257

63 310 446 374 disjunctissimas
478 325 622 360 terras
652 313 972 360 munificentiae
997 314 1180 374 ingenio
1213 312 1338 359 velut

64 389 319 440 admovere
331 425 345 446 ,
374 394 684 453 immensaque
702 393 849 453 spatia
869 390 1138 437 liberalitate
1160 403 1340 436 contra-

63 465 176 515 here
191 485 205 514 :
238 469 518 515 intercedere
543 468 748 522 casibus,
780 483 1017 514 occursare
1035 466 1252 523 fortuuae,
1276 480 1338 513 at·

72 560 162 605 que
196 548 326 591 omni
361 561 447 607 ope
478 545 648 600 adniti,
680 561 737 590 ne
768 547 871 606 quis
898 561 923 590 e
950 543 1085 605 plebe
1113 546 1339 599 Romana,

72 620 214 667 dante
240 624 526 682 congiarium
553 635 623 677 te,
649 621 884 668 hominem
911 622 1053 682 magis
1085 622 1270 667 sentiret
1294 637 1342 666 se

79 698 223 745 fuisse
248 715 390 760 quam
411 703 573 747 civem.

136 779 301 823 xxvl.
348 781 666 823 Anvemmr.
700 780 917 839 congiarii
956 777 1029 824 die
1048 812 1061 831 ‚
1105 777 1347 824 observare

79 858 305 917 principis
322 871 555 916 egressum
575 859 622 901 in
641 855 876 918 publicum
890 890 903 911 ,
926 856 1120 901 insidere
1137 857 1232 901 vias
1254 872 1352 901 exa-
1393 911 1396 916 .

81 937 207 979 mina
236 933 510 990 infantium,
542 934 814 998 futurusque
846 934 1042 998 populus
1064 934 1251 983 solebat.
1270 939 1352 982 La-

80 1011 171 1057 bor
192 1011 464 1072 parentibus
482 1023 581 1057 erat
596 1024 822 1058 ostentare
843 1011 1082 1073 parvulo„
1107 1014 1357 1075 impositos-

84 1106 176 1152 que
210 1089 465 1135 cervicibus
496 1089 728 1136 adulantia
755 1090 897 1136 verba
927 1089 1207 1152 blandasque
1226 1107 1356 1139 voces
1447 1123 1452 1128 -

86 1167 299 1214 edocere.
332 1168 601 1214 Reddebant
628 1167 693 1213 illi
713 1183 814 1230 quae
841 1166 1166 1223 mouebantur;
1196 1185 1248 1216 ac
1269 1169 1361 1231 ple·

88 1249 224 1309 rique
258 1247 400 1292 irritis
431 1245 642 1308 precibus
673 1246 834 1292 surdas
864 1245 1080 1307 principis
1115 1262 1247 1293 aures
1283 1248 1361 1294 ad-

89 1325 381 1386 strepebant3
397 1327 650 1386 ignarique,
665 1324 778 1387 quid
791 1335 1037 1385 rogassent,
1053 1325 1166 1386 quid
1179 1341 1268 1371 uon
1283 1329 1364 1372 im·

92 1412 378 1464 peti-assent,
399 1401 543 1446 donec
560 1400 694 1462 plane
712 1403 877 1446 scireut
893 1434 906 1455 ,
930 1398 1275 1448 differebantur.
1290 1405 1364 1449 Tu

95 1499 155 1528 ne
176 1482 332 1542 rogari
354 1479 541 1541 quidem
567 1481 816 1526 sustinuisti
841 1495 852 1524 :
878 1491 924 1525 et
946 1495 1207 1542 quanquam
1226 1482 1366 1529 laetis-

97 1563 271 1608 simum
301 1557 443 1604 oculis
465 1561 555 1604 tuis
573 1570 689 1605 esset
709 1570 953 1620 conspectu
969 1560 1182 1605 Romanae
1199 1559 1366 1606 sobolis

98 1635 312 1699 impleri,
331 1650 489 1680 omnes
510 1647 688 1691 tamen,
707 1645 952 1695 antequam
979 1646 1023 1681 te
1040 1635 1245 1681 viderent
1263 1636 1368 1681 adi-

101 1726 292 1769 rentve,
316 1713 482 1773 recipi,
510 1712 648 1757 incidi
666 1712 864 1772 jussisti,
893 1723 945 1758 ut
960 1712 1056 1772 jam
1082 1712 1187 1757 inde
1211 1712 1270 1758 ab
1292 1715 1369 1758 in-

102 1788 251 1840 fantia
271 1801 509 1852 parentem
535 1789 766 1851 publicum
790 1804 979 1835 munere
999 1788 1276 1835 educationis
1298 1807 1375 1836 ex-

30 1916 31 1923 ,
104 1873 396 1935 perirentur3
433 1879 684 1913 crescerent
700 1866 757 1912 de
780 1879 861 1912 tuo
886 1868 966 1927 qui
987 1878 1236 1912 crescerent
1262 1866 1371 1923 tibi;

108 1947 432 2008 alimentisque
451 1947 540 1992 tuis
557 1945 617 1990 ad
631 1945 852 2009 stipendia
867 1957 946 1991 tua
960 1944 1244 2005 pervenirent
1255 1978 1268 1996 .
1283 1957 1379 1992 tan·

110 2047 308 2094 tumque
341 2044 501 2075 omnes
531 2031 613 2074 uni
640 2029 723 2075 tibi
752 2041 974 2092 quantum
1001 2027 1264 2089 parentibus
1286 2032 1377 2076 suis

113 2113 312 2175 quisque
333 2106 537 2153 deberet.
559 2108 716 2161 Recte,
740 2107 917 2160 Caesar,
940 2105 1066 2167 quod
1080 2120 1205 2167 spem
1220 2107 1383 2153 Roma-

115 2193 169 2240 ni
201 2188 402 2234 nominis
435 2184 689 2246 sumptibus
725 2185 815 2231 tuis
849 2184 1054 2245 suscipis.
1091 2182 1282 2229 Nullum
1315 2197 1386 2233 est
