1650 2550
360 196 446 243 158
687 200 740 245 C.
775 196 1022 244 PL1N11
1054 197 1288 244 EPIST.

864 481 1086 535 XLIX.

619 634 1013 680 TRAJANUS
1048 632 1331 680 PLINIO-

419 774 554 821 Plinii
560 774 732 839 judicio
758 775 1094 837 oedficationem
1118 773 1284 821 theatri
1294 780 1537 840 permittit.

406 921 533 982 Qum
551 928 757 980 oporteat
772 917 871 964 fieri
889 920 1009 965 circa
1022 917 1269 975 theatrum,
1285 920 1414 981 quod
1428 920 1607 968 inchoa-

344 1008 442 1044 tum
461 996 586 1060 apud
604 998 811 1042 Niceuses
831 1008 920 1053 est,
937 997 985 1041 iu
1008 1012 1057 1041 re
1075 997 1285 1057 presenti
1303 1000 1484 1058 optime
1502 996 1607 1043 deli-

341 1074 523 1122 berabis
558 1086 603 1120 et
635 1077 906 1120 constitues:
933 1073 1047 1119 mihi
1072 1072 1264 1118 sufficiet
1292 1074 1518 1131 indicari,
1538 1075 1605 1121 αἱ

341 1156 571 1200 sententiae
600 1155 852 1198 accesseris.
885 1154 1015 1197 Tunc
1036 1163 1189 1196 autem
1212 1164 1238 1195 a
1267 1153 1466 1212 privatis
1497 1151 1602 1212 exigi

340 1246 478 1293 opera
501 1230 583 1277 tibi
602 1246 721 1278 cura:
739 1232 818 1286 sit,
844 1242 988 1291 quum
1002 1228 1227 1276 ditati-um
1240 1264 1254 1286 ‚
1270 1242 1468 1293 propter
1482 1226 1600 1294 quod

334 1306 413 1353 illa
428 1312 648 1368 promissa
662 1321 782 1364 suut,
798 1307 966 1354 factum
982 1310 1082 1354 erit.
1095 1309 1354 1380 Gffinasiis
1368 1310 1598 1376 indulgent

337 1386 559 1432 Graeculi:
581 1387 684 1433 ideo
701 1387 888 1433 forsitan
906 1387 1115 1431 Nicenses
1132 1385 1304 1446 majore
1322 1390 1484 1433 animo
1503 1400 1598 1433 con-

334 1455 626 1511 structionem
644 1463 739 1524 ejus
758 1465 952 1526 aggressi
970 1475 1099 1518 suut;
1122 1463 1199 1509 sed
1223 1476 1410 1525 oportet
1430 1463 1533 1510 illas
1548 1477 1596 1508 eo

334 1553 565 1588 contentos
600 1557 720 1597 esse,
760 1541 886 1604 quod
916 1543 1055 1602 possit
1086 1539 1173 1585 illis
1210 1540 1441 1588 sufficere.
1481 1537 1593 1603 Qm‘d

335 1617 738 1681 Claudiopolitanis
760 1622 880 1665 circa
903 1618 1130 1664 balineum
1144 1653 1156 1674 ,
1182 1619 1306 1682 quod
1327 1635 1527 1681 parum,
1548 1627 1592 1663 ut

334 1699 492 1746 scribis
506 1733 520 1753 ‚
541 1697 704 1743 idoneo
717 1697 817 1743 loco
833 1697 1156 1743 inchoaverunt
1172 1732 1185 1751 ,
1202 1697 1497 1745 suadendum
1516 1699 1586 1749 sit,

332 1789 385 1823 tu
418 1780 675 1824 constitues.
697 1776 938 1823 Architecti
966 1776 1049 1823 tibi
1074 1777 1230 1823 deesse
1255 1792 1348 1822 non
1382 1787 1582 1841 possunt.

334 1851 471 1898 Nulla
488 1855 718 1915 provincia
735 1865 827 1908 est,
851 1869 954 1915 quae
970 1868 1059 1898 nou
1078 1855 1246 1915 peritos
1269 1867 1317 1901 et
1339 1857 1583 1916 ingeniosos

333 1931 541 1977 homiues
566 1931 755 1977 habeat:
783 1932 921 1977 modo
942 1948 999 1977 ne
1019 1934 1240 1978 existimes
1254 1967 1268 1988 ‚
1294 1932 1481 1980 brevius
1500 1944 1581 1979 esse

333 2009 394 2055 ab
420 2009 535 2055 urbe
555 2012 698 2065 mitti,
722 2025 869 2072 quum
889 2026 942 2057 ex
964 2011 1136 2056 Graecia
1154 2011 1295 2057 etiam
1317 2010 1382 2057 ad
1408 2026 1490 2058 uos
1509 2024 1578 2056 ve-
1624 2031 1625 2040 κ

333 2088 432 2132 nire
451 2085 570 2133 soliti
587 2097 705 2133 sunt.
1004 2073 1009 2078 ’
