1650 2550
265 148 355 202 324
511 212 520 219 .
629 148 1167 194 PANEGYRICUS

262 239 452 287 rabilius
475 240 562 288 fuit
578 277 590 298 ,
615 245 979 303 experimentum
998 245 1066 289 tui
1089 242 1226 287 nobis
1245 256 1392 303 quam
1410 256 1553 288 usum

261 321 430 379 negari.
458 319 712 366 Dabitur-ne
736 335 893 364 rursus
923 318 1079 365 videre
1105 319 1348 364 consulem
1380 319 1552 364 ilium?

263 396 443 450 audiet,
475 396 632 443 reddet
656 412 771 459 quas
795 400 1001 459 proxime
1027 412 1192 451 voce⁸3
1216 397 1551 459 praestabitque

263 471 484 532 gaudium
505 485 730 535 quantum
751 477 849 535 ipse
871 475 1123 537 percipiet?
1143 473 1415 534 praesidebit
1438 474 1551 518 laeti-
1648 508 1649 535 ᾖ

265 552 341 596 tiae
357 549 553 614 publicat
574 565 734 598 auctor
746 553 844 612 ejus
862 566 905 597 et
921 552 1087 597 causa?
1105 552 1399 614 tentabitque
1413 552 1549 596 affec·
1648 590 1649 605 ,

262 639 336 673 tus
349 640 526 674 nostros
537 663 551 684 ‚
570 641 622 674 ut
639 627 775 685 solet,
795 628 1011 677 cohibere
1027 663 1039 679 .
1060 644 1144 674 nec
1157 631 1331 688 poterit
1344 630 1368 673 ‘t'
1386 630 1546 690 Pietati

264 718 443 752 senatus
464 722 568 752 cum
581 706 804 752 modestia
824 708 1045 768 principis
1066 706 1176 752 felix
1190 710 1544 768 speciosnmque

264 796 514 840 certamen,
547 800 625 830 seu
647 784 784 830 fuerit
815 787 957 839 victa,
987 800 1068 829 seu
1095 785 1281 829 vicerit!
1316 785 1542 846 Equidem

195 906 200 915 ,
263 863 537 922 incognitam
560 861 807 923 quamdam
825 895 838 915 ‚
858 864 1156 921 proximaque
1184 860 1410 919 majorem
1428 877 1545 922 prae-

266 954 396 984 sumo
408 939 623 985 laetitiam.
639 940 752 997 Quis
766 940 890 982 enim
905 949 973 982 est
987 949 1083 982 tam
1097 936 1320 981 imbecilli
1336 940 1541 996 ingenio,

265 1019 460 1079 quinon
482 1028 605 1061 tanto
633 1014 870 1060 meliorem
901 1013 1135 1059 consulem
1161 1026 1342 1074 speret,
1374 1027 1543 1076 quanto

265 1095 427 1154 saepius
460 1092 625 1137 fuerit?
657 1090 783 1136 Alius
819 1089 996 1135 labores
1013 1123 1026 1145 ,
1057 1092 1095 1134 si
1121 1106 1217 1135 non
1247 1092 1470 1136 continuo
1497 1108 1547 1136 se

266 1167 449 1213 desidiae
467 1183 519 1213 ac
536 1165 755 1228 voluptati
778 1165 1000 1220 dedisset,
1025 1167 1120 1211 otio
1148 1177 1306 1212 tamen
1327 1180 1377 1212 et
1394 1169 1545 1227 quiete

266 1258 508 1292 recreasset
525 1261 537 1291 ε
561 1245 632 1291 hic
646 1280 659 1301 ‚
675 1242 989 1290 consularibus
1003 1245 1124 1289 curis
1138 1243 1375 1291 exsolutus
1388 1282 1403 1302 ,
1422 1247 1543 1307 prin-

267 1323 430 1384 cipales
457 1325 726 1383 resumpsit,
759 1334 851 1367 tam
879 1320 1069 1381 diligens
1088 1326 1471 1383 temperamenti,
1492 1336 1543 1368 nt

272 1414 355 1444 nec
383 1400 581 1444 consulis
609 1399 810 1444 officium
836 1400 1043 1459 princeps
1058 1432 1072 1452 ‚
1091 1413 1177 1443 nec
1197 1400 1540 1463 principis-cou-

272 1474 343 1521 sul
371 1486 619 1536 appeteret.
654 1475 875 1520 Videmus
908 1487 958 1519 ut
988 1476 1335 1536 provinciarum
1366 1476 1540 1523 deside-

268 1556 374 1607 riis,
407 1565 459 1598 ut
490 1552 769 1612 singularum
794 1554 932 1598 etiam
955 1554 1192 1597 civitatum
1220 1554 1437 1614 precibus
1467 1570 1541 1600 oc-

268 1642 435 1678 currat.
461 1627 594 1673 Nulla
621 1631 668 1673 in
697 1627 927 1673 audiendo
953 1627 1224 1684 difficultas,
1256 1629 1385 1676 nulla
1402 1633 1451 1675 in
1473 1648 1542 1676 re·

269 1705 532 1770 spondendo
542 1721 669 1752 mora
676 1739 685 1749 .
698 1706 880 1751 Adeunt
889 1707 1038 1751 statim
1047 1740 1060 1760 ‚
1070 1704 1369 1753 dimittuntur
1376 1712 1540 1764 statiua

268 1785 541 1844 tandemque
554 1783 769 1843 principis
787 1781 908 1827 fores
921 1780 1099 1827 exclusa
1113 1781 1397 1841 legationum
1411 1784 1539 1831 turba

267 1878 359 1908 non
389 1858 581 1906 obsidet.

329 1938 500 1983 LXXX.
531 1936 688 1993 Qum?
719 1936 765 1978 in
794 1934 1008 1979 omuibus
1036 1936 1380 1994 cognitionibus
1405 1955 1539 2000 quam

267 2015 389 2058 mitis
402 2014 614 2057 severitas
626 2045 639 2066 ‚
656 2026 796 2072 quam
808 2027 901 2055 non
915 2011 1133 2058 dissoluta
1151 2014 1422 2062 clementia!
1446 2020 1538 2063 Non
1589 2008 1599 2022 ’

265 2086 584 2148 locupletando
608 2089 716 2132 fisco
742 2088 900 2144 sedes,
928 2105 1011 2136 nec
1040 2091 1167 2137 aliud
1194 2093 1283 2138 tibi
1312 2099 1541 2145 sententia
