1650 2550
356 164 702 209 TRAJAND
737 163 1035 211 mc'rus.
1243 175 1330 221 279

111 256 252 301 XLV.
264 259 342 302 Εἰ·
356 259 531 317 priores
544 254 728 315 quidem
745 255 970 315 principes
983 288 997 308 ‚
1011 264 1194 314 excepto
1204 264 1332 313 patre

55 341 156 386 tuo,
181 345 413 393 praeterea
440 348 532 378 uno
553 344 633 376 aut
654 331 795 376 altero
805 364 827 386 ‚-
852 344 899 377 et
917 333 1050 376 nimis
1073 331 1188 385 dixi,
1213 333 1332 389 vitiis
1373 347 1384 360 ¹

56 411 205 466 ponus
216 412 396 456 civium
403 445 415 463 ,
427 426 567 472 quam
576 409 818 454 virtutibus
827 408 1097 455 laetabantur
1108 411 1334 470 :primum

62 487 183 546 quod
205 491 255 532 in
277 487 375 533 alio
393 502 475 541 sua
494 502 721 548 quemque
742 498 905 531 natura
925 486 1146 539 delectat3
1168 484 1332 531 deinde

59 563 178 622 quod
190 567 495 625 patientiores
506 564 731 607 servitutis
740 561 1095 617 arbitrabantur,
1112 577 1225 623 quos
1240 577 1331 606 non

60 638 236 688 deceret
269 656 374 687 esse
407 642 491 686 nisi
521 656 687 685 servos.
722 643 895 685 Horum
923 642 971 684 in
998 642 1149 685 sinum
1180 640 1334 683 omnia

61 718 395 778 congerebant3
417 717 561 771 bonos
583 729 735 762 autem
759 719 852 762 otio
870 728 950 761 aut
967 719 1055 762 situ
1074 715 1328 769 abstrusos,

63 807 102 840 et
113 798 247 856 quasi
267 794 495 856 sepultos,
521 809 613 839 non
631 796 715 838 nisi
734 793 1038 839 delationibus
1056 806 1101 839 et
1118 793 1334 854 periculis

65 872 106 916 in
118 871 274 919 lucem
289 889 346 919 ac
357 872 481 917 diem
495 870 801 932 proferebant.
818 874 889 916 Tu
900 874 1068 916 amicos
1082 886 1135 916 ex
1151 874 1332 930 optimis

68 947 168 1011 legis
178 985 193 1006 ,
208 963 256 996 et
270 950 459 996 hercule
475 964 656 1009 aequum
666 961 733 994 est
743 964 839 993 esse
853 963 929 993 eos
944 949 1195 993 carissimos
1210 947 1331 994 bono

66 1029 274 1088 principi,
286 1028 369 1088 qui
387 1028 515 1070 invisi
527 1024 647 1069 malo
660 1024 845 1069 fuerint.
863 1026 973 1078 Scis,
989 1036 1040 1069 ut
1053 1026 1168 1070 sicut
1181 1025 1333 1081 diver-

68 1117 112 1147 sa
127 1116 296 1149 natura
315 1102 637 1147 dominationis
657 1114 701 1146 et
717 1103 996 1161 principatus
1012 1134 1025 1153 ,
1046 1103 1107 1146 ita
1125 1115 1216 1149 non
1234 1100 1332 1147 aliis

73 1195 161 1237 esse
181 1182 441 1242 principem
451 1180 693 1240 gratiorem
706 1213 718 1233 ,
737 1195 876 1240 quam
890 1180 969 1240 qui
984 1182 1177 1234 maxime
1191 1179 1334 1227 domin

72 1272 172 1304 num
185 1271 449 1321 graventur.
464 1259 555 1303 Hos
566 1272 673 1319 ergo
685 1256 913 1318 provehis,
925 1268 969 1303 et
981 1269 1192 1313 ostentas,
1202 1260 1333 1320 quasi

72 1339 292 1398 specimen
316 1348 363 1381 et
383 1335 627 1395 exemplar,
662 1350 765 1397 quae
793 1334 878 1379 tibi
900 1348 1018 1380 secta
1050 1338 1176 1391 vitae,
1207 1337 1331 1397 quod

73 1411 305 1459 hominum
322 1428 464 1473 genus
482 1413 686 1474 placeat:
708 1425 752 1458 et
770 1413 874 1458 ideo
888 1428 980 1458 non
994 1429 1231 1460 censuram
1246 1414 1330 1460 ad-

73 1489 181 1550 huc,
207 1503 301 1537 non
320 1491 634 1552 praefecturam
654 1506 834 1535 morum
861 1495 1093 1552 recepisti,
1120 1509 1227 1554 quia
1247 1492 1332 1538 ubi

76 1566 297 1614 beneficiis
313 1569 482 1629 potius,
500 1583 639 1629 quam
654 1568 865 1613 remediis
883 1570 1060 1628 ingenia
1083 1582 1235 1614 nostra
1256 1585 1332 1614 ex·

76 1649 209 1706 periri
234 1645 399 1706 placet.
423 1648 479 1702 Et
496 1644 698 1706 alioquin
717 1648 894 1701 nescio,
918 1663 973 1691 an
996 1648 1098 1707 plus
1124 1647 1330 1706 moribus

79 1724 275 1770 conferat
308 1726 542 1786 princeps,
571 1724 650 1784 qui
679 1723 821 1769 bonos
849 1740 943 1770 esse
973 1729 1159 1785 patitur,
1189 1739 1331 1785 quam

79 1804 153 1864 qni
174 1802 306 1862 cogit.
332 1800 567 1847 Flexibiles
586 1818 922 1864 quamcumque
942 1806 985 1847 in
1003 1815 1177 1863 partem
1206 1801 1331 1847 duci-

83 1896 182 1936 mur
198 1897 225 1925 a
244 1882 467 1941 principe:
490 1893 651 1942 atque,
674 1893 724 1926 nt
741 1883 803 1940 its
821 1881 969 1927 dicam
987 1914 1000 1934 ,
1021 1894 1232 1939 sequaces
1251 1894 1329 1924 su-

85 1973 196 2003 mus.
220 1959 331 2002 Huic
354 1959 476 2003 enim
498 1960 617 2013 cari,
640 1958 747 2003 huic
767 1958 949 2019 probati
972 1972 1067 2002 esse
1089 1957 1296 2016 cupimus
1313 1973 1330 2011 ς

86 2033 204 2096 quod
229 2031 391 2078 frustra
413 2047 704 2095 speraverunt
726 2034 993 2079 dissimiles:
1023 2046 1169 2094 eoque
1196 2031 1328 2078 obse-

86 2113 178 2172 quii
214 2111 541 2170 continuatione
569 2114 883 2173 pervenimus,
918 2123 970 2157 ut
996 2124 1141 2171 prope
1170 2121 1325 2174 omnes
