1650 2550
292 180 346 211 ιο
616 163 670 208 C.
710 163 955 208 PL1N11
991 161 1225 207 EPIST.

280 269 431 319 potest
441 258 585 311 vinci,
605 257 853 316 mitigetur.
870 258 1091 300 Praeterea
1108 290 1120 310 ,
1142 256 1178 299 si
1198 254 1335 300 datur
1346 256 1566 301 Homero

282 349 329 381 et
359 333 515 380 mollia
545 333 767 379 vocabula
793 345 841 378 et
862 335 1018 378 Graeca
1045 336 1103 377 ad
1135 331 1367 378 lenitatem
1396 349 1563 380 versus

282 412 573 469 contrahere,
603 411 867 468 extendere,
891 410 1146 466 inflectere3
1175 426 1258 456 cur
1284 411 1368 456 tibi
1391 413 1562 459 similis

282 489 521 545 audentia,
544 491 796 552 praesertim
813 502 906 533 non
929 486 1146 543 delicata,
1169 488 1249 533 sed
1272 494 1560 547 necessaria,

281 569 503 629 negetur?
521 566 717 612 Proinde
726 566 832 626 jure
851 578 1007 611 vatum
1019 600 1032 621 ,
1053 567 1270 610 invocatis
1288 565 1376 611 diis
1391 601 1405 621 ‚
1426 579 1474 613 et
1492 570 1567 613 in·

285 657 355 691 ter
372 643 481 690 deos
503 647 628 706 ipso,
660 642 790 702 cujus
819 657 916 697 res,
945 656 1111 702 opera,
1137 640 1324 686 consilia
1349 641 1565 689 dicturus

288 739 360 779 es,
385 724 578 770 immitte
600 721 813 768 rudentes
828 756 841 776 ,
873 720 1024 783 pande
1046 719 1144 765 vela
1164 754 1177 776 ‚
1209 736 1286 776 ac,
1313 724 1348 766 si
1373 722 1568 783 quando

288 800 400 846 alias
413 836 425 857 ,
451 813 546 845 toto
564 800 744 860 ingenio
763 797 958 844 vehere:
982 813 1066 842 cur
1081 798 1202 842 enim
1223 812 1316 842 non
1338 813 1422 858 ego
1440 815 1566 861 quo-

295 896 385 942 que
407 881 582 940 poetice
609 893 715 923 cum
736 878 900 938 poeta?
921 875 1040 922 lund
1060 876 1154 936 jam
1177 892 1299 922 nunc
1329 879 1567 938 paciscor3

293 957 440 1017 prima
468 970 661 1016 quaeque
693 966 745 999 ut
771 952 1018 998 absolveris
1036 986 1050 1007 ,
1083 954 1274 1008 mittito,
1304 956 1396 998 imo
1423 957 1571 1001 etiam

294 1045 541 1092 antequam
556 1030 763 1076 absolvas
776 1064 790 1085 ,
805 1032 869 1075 sic
886 1043 937 1076 ut
949 1044 1083 1075 erunt
1102 1033 1300 1076 recentia
1313 1065 1326 1085 ‚
1342 1043 1387 1076 et
1399 1031 1538 1078 rudia
1552 1067 1568 1088 ,

295 1122 341 1156 et
351 1109 502 1155 adhuc
517 1107 680 1153 similia
689 1106 993 1153 nascentibus.
1010 1107 1319 1169 Respondebis
1329 1124 1421 1153 non
1431 1123 1571 1169 posse

292 1188 483 1250 perinde
514 1187 706 1246 carptim
718 1219 732 1241 ,
766 1197 817 1231 ut
856 1197 1062 1232 contexta
1075 1220 1089 1241 ,
1122 1184 1311 1247 perinde
1353 1186 1572 1234 inchoata

295 1265 491 1329 placere,
508 1278 559 1310 ut
573 1263 751 1311 effecta.
767 1266 867 1311 Scio
886 1283 897 1311 ε
916 1266 1070 1328 itaque
1086 1277 1132 1311 et
1148 1281 1174 1310 a
1187 1281 1261 1311 me
1275 1264 1571 1313 aestimabun-

298 1357 375 1391 tur
389 1359 439 1389 ut
454 1355 601 1404 coepta
613 1358 626 1394 ;
641 1342 969 1403 spectabuntur
982 1354 1035 1390 ut
1047 1341 1281 1398 membr-³3
1298 1355 1573 1390 extremam·

298 1440 391 1485 que
405 1423 560 1468 limam
580 1432 707 1466 tuam
726 1424 1023 1483 opperientur
1041 1424 1088 1467 in
1102 1424 1265 1467 scrinio
1283 1434 1456 1471 nostro.
1479 1426 1571 1470 Pa-

299 1515 394 1548 tere
413 1501 499 1547 hoc
513 1516 586 1545 me
601 1515 739 1562 super
751 1513 913 1546 caetera
928 1499 1095 1546 habere
1110 1504 1277 1546 amoris
1292 1502 1357 1546 tui
1371 1503 1539 1563 pignus
1552 1538 1569 1560 ‚

301 1593 354 1626 ut
370 1594 424 1625 ea
445 1594 630 1641 quoque
644 1580 794 1624 norim
813 1594 917 1640 qnae
935 1594 1066 1623 nosse
1088 1581 1318 1624 neminem
1337 1579 1492 1626 velles.
1514 1584 1570 1628 ln

302 1671 481 1702 summa
492 1689 506 1711 ,
521 1669 680 1716 potero
698 1655 888 1702 fortasse
906 1658 1071 1716 scripta
1086 1668 1164 1701 tua
1181 1657 1321 1717 magis
1338 1657 1541 1718 probare
1555 1694 1570 1716 ‚

301 1733 517 1788 laudare,
550 1744 721 1795 quanto
748 1732 826 1778 illa
853 1731 1027 1779 tardius
1054 1736 1352 1795 cautiusque3
1386 1735 1467 1780 sed
1496 1738 1573 1799 ip-

304 1827 407 1857 sum
429 1824 472 1857 te
495 1813 637 1873 magis
659 1810 849 1866 amabo,
878 1812 1112 1873 magisque
1135 1810 1332 1858 laudabo
1344 1846 1359 1869 ,
1393 1827 1573 1874 quanto

304 1889 492 1936 celerius
514 1902 560 1936 et
578 1892 800 1937 incautius
823 1892 1013 1937 miseris.
1039 1887 1178 1937 Vale.⁸
