1650 2550
379 202 728 250 TRAJANO
761 199 1055 251 mc‘rns.
1253 199 1338 263 331

66 299 274 358 gnisque
298 297 562 342 nominibus
582 310 715 357 pares
738 311 785 340 se
805 294 1002 351 faciam,
1022 307 1068 341 et
1083 296 1195 342 dum
1215 313 1345 345 recu·

71 387 178 420 sant
193 375 217 419 ἰ’

133 453 365 499 LXXXV.
387 453 484 497 Jm
501 454 639 509 etjam
652 464 697 497 et
713 453 763 497 in
777 453 1061 514 privatorum
1074 454 1236 498 animis
1248 468 1347 500 exo·

71 527 256 577 leverat
278 533 485 592 priscum
511 530 773 577 mortalium
795 532 968 576 bonum
982 565 994 586 ,
1016 531 1234 585 amicitia;
1262 548 1348 578 cu-

15 604 18 617 '
66 608 150 669 jus
169 607 390 654 inlocum
406 610 710 669 migraverant
729 610 1049 654 assentationes
1061 642 1074 661 ‚
1088 606 1318 655 blanditiae
1330 643 1344 664 ,

71 700 121 733 et
139 686 280 748 pejor
306 685 415 731 odio
436 689 603 732 amoris
625 685 868 732 simulatio.
897 688 1080 732 Etenim
1106 687 1152 730 in
1174 689 1347 747 princi-

73 780 198 825 pum
222 763 366 808 domo
388 778 552 809 nomen
574 776 752 810 tantum
774 765 1006 819 amicitiae,
1026 764 1160 809 inane
1181 762 1351 811 scilicet

75 847 370 904 irritumque
383 877 397 898 ,
423 844 698 890 remanebat.
725 845 845 888 Nam
865 846 946 905 qui
966 855 1143 905 poterat
1164 859 1259 891 esse
1276 846 1350 889 in-

77 934 251 968 tereos
266 921 492 973 amicitia,
513 936 710 982 quorum
730 920 814 966 sihi
834 920 909 965 alii
923 919 1095 966 domini
1107 916 1217 974 ,⁸21ss
1236 924 1352 969 servi

76 999 374 1045 videbantur
384 1000 405 1043 ἰ’
417 1000 488 1044 Tu
502 997 619 1043 hane
632 997 810 1058 pulsam
824 1010 870 1043 et
883 1009 1107 1043 errantem
1122 998 1350 1047 reduxisti.

78 1077 244 1122 Habes
270 1077 466 1130 amicos,
490 1077 599 1137 quia
625 1077 795 1120 amicus
812 1076 908 1135 ipse
934 1090 996 1120 es.
1022 1077 1179 1137 Neque
1197 1081 1321 1123 enim
1337 1113 1350 1132 ‚

78 1167 132 1200 ut
156 1154 257 1201 alia
287 1152 528 1213 subjectis,
553 1154 616 1198 ita
639 1169 769 1198 amor
793 1153 1076 1212 imperatur:
1107 1170 1254 1216 neque
1283 1168 1353 1201 est

79 1231 219 1281 ullus
232 1228 428 1276 affectus
445 1242 537 1276 tam
553 1240 730 1276 erectus
743 1263 755 1285 ,
771 1239 816 1275 et
833 1228 966 1284 liber,
982 1240 1026 1275 et
1038 1229 1354 1280 dominationis

80 1311 342 1372 impatiens
353 1342 365 1363 ,
378 1322 459 1352 nec
469 1310 549 1368 qui
561 1308 701 1366 magis
715 1308 834 1351 vices
841 1306 1000 1365 exigat.
1013 1310 1162 1354 Potest
1169 1308 1355 1357 fortasse

81 1389 312 1449 princeps
331 1387 486 1446 inique
498 1417 510 1436 ‚
529 1395 677 1446 potest
693 1395 843 1429 tamen
862 1383 968 1429 odio
988 1399 1084 1431 esse
1102 1387 1354 1445 nonnullis,

83 1465 281 1512 etiamsi
318 1464 413 1523 ipse
440 1477 530 1506 non
561 1460 735 1506 oderit:
773 1463 945 1515 amari,
972 1464 1057 1508 nisi
1088 1465 1184 1525 ipse
1211 1478 1354 1523 amet,

86 1556 192 1589 non
227 1550 393 1602 potest.
423 1537 582 1597 Diligis
602 1552 734 1597 erge,
755 1553 898 1598 quum
916 1537 1140 1599 diligaris,
1164 1553 1210 1586 et
1234 1545 1280 1587 in
1303 1558 1358 1588 eo

86 1616 231 1682 quod
255 1615 486 1675 utrimque
505 1614 868 1659 honestissimum
888 1626 955 1661 est
967 1649 980 1670 ,
1007 1627 1099 1662 tota
1120 1616 1262 1676 gloria
1280 1630 1359 1664 tua

89 1707 199 1748 est,
218 1693 301 1754 qui
330 1692 537 1752 superior
559 1689 706 1736 factus
728 1690 960 1737 descendis
985 1695 1029 1738 in
1052 1695 1205 1738 omnia
1225 1693 1359 1740 fami·

87 1771 314 1819 liaritatis
332 1767 507 1823 officia,
526 1778 572 1813 et
594 1770 641 1812 in
663 1769 863 1814 amicum
889 1785 942 1814 ex
963 1771 1233 1830 imperatore
1253 1772 1361 1818 sub·

91 1849 329 1898 mitteris:
351 1848 444 1891 imo
462 1856 571 1891 tunc
595 1847 789 1891 maxime
810 1850 1072 1907 imperator,
1090 1863 1232 1908 quum
1248 1851 1363 1895 ami·

92 1942 212 1975 cum
251 1940 306 1970 ex
334 1925 608 1985 imperatore
634 1925 745 1982 agis.
773 1924 952 1968 Etenim
982 1938 1125 1984 quum
1156 1923 1362 1984 plurimis

93 2004 320 2052 amicitiis
345 1999 526 2047 fortuna
552 2002 813 2062 principum
829 2000 1031 2060 indigeat
1047 2034 1059 2055 ,
1082 2004 1364 2063 praecipuum

94 2093 173 2127 est
211 2078 435 2140 principis
473 2091 613 2137 opus,
654 2079 821 2124 amicos
851 2091 1028 2138 parare.
1069 2075 1249 2125 Placeat
1283 2080 1364 2127 tibi

1135 2171 1210 2203 αα.
