1650 2550
561 222 781 273 LIBER
814 225 871 274 X.
1006 234 1011 239 '
1260 230 1345 291 139

1234 322 1257 341 Q

851 391 1326 413 mmm

594 510 822 561 XXIX.

361 662 756 708 TRAJANUS
794 664 1072 711 PLINIO.

166 804 390 865 Bithynice
403 806 645 870 provinciae
667 820 801 850 suum
815 817 1052 870 praetorem
1068 807 1265 854 Plinium

576 886 854 949 qratulat-ur.

145 1032 395 1085 Cornum,
411 1031 508 1074 sine
522 1028 709 1090 querela
722 1026 977 1090 corpusculi
991 1031 1075 1085 tui,
1086 1041 1131 1076 et
1143 1040 1343 1088 tuorum,

85 1109 321 1168 pervenire
340 1110 387 1151 in
401 1106 657 1170 Bithyniam
671 1108 890 1166 potuisses
902 1141 915 1162 ,
936 1122 988 1151 ac
1002 1107 1147 1154 simile
1164 1108 1247 1154 tibi
1261 1112 1346 1157 iter

86 1184 145 1229 ab
164 1182 348 1246 Epheso
383 1186 425 1229 ei
457 1185 731 1244 navigationi
759 1184 942 1237 fuisset,
972 1199 1110 1245 quam
1140 1199 1345 1247 expertus

85 1279 231 1325 usque
264 1257 342 1308 illo
361 1277 477 1307 eras.
506 1263 608 1322 Quo
628 1272 778 1307 autem
800 1261 874 1307 die
895 1264 1171 1323 pervenisses
1195 1267 1241 1310 in
1267 1268 1345 1311 Bi·-

85 1340 291 1405 thyniam
313 1341 531 1401 cognovi,
561 1339 763 1384 Secunde
786 1340 1037 1396 carissime,
1062 1339 1219 1387 litteris
1239 1344 1342 1389 tuis.

87 1417 391 1464 Provinciales
403 1451 417 1471 ‚
442 1416 577 1461 credo
590 1451 603 1468 ,
627 1428 913 1478 prospectum
933 1415 1019 1461 sibi
1037 1433 1062 1462 a
1082 1433 1154 1463 me
1176 1419 1345 1466 intelli-

87 1509 188 1557 gent
203 1513 216 1541 t
234 1509 345 1542 nam
364 1507 411 1541 et
424 1507 472 1541 tu
492 1493 622 1539 dabis
635 1509 837 1555 operam,
853 1506 904 1540 ut
918 1494 1205 1541 manifestum
1225 1499 1280 1542 sit
1297 1496 1348 1541 il-

85 1573 166 1628 lis,
196 1573 396 1620 electum
418 1583 463 1617 te
485 1587 604 1627 esse,
629 1573 708 1631 qui
727 1570 784 1615 ad
806 1570 991 1616 eosdem
1008 1574 1098 1618 mei
1116 1571 1216 1618 loco
1239 1577 1345 1620 mit-

88 1654 261 1697 tereris.
281 1652 498 1697 Rationes
517 1661 669 1710 autem
693 1651 739 1693 in
760 1650 917 1710 primis
934 1648 1017 1695 tibi
1039 1650 1347 1712 rerumpubli-

89 1746 246 1776 mrum
276 1728 557 1777 excutiendae
589 1740 720 1774 sunt:
751 1743 857 1773 nam
879 1741 923 1774 et
945 1744 1039 1774 esse
1066 1744 1139 1774 eas
1171 1740 1346 1775 vexatas

89 1811 193 1854 satis
215 1819 410 1853 constat.
436 1807 667 1851 Mensores
689 1806 760 1850 vix
777 1807 915 1851 etiam
936 1808 989 1851 iis
1017 1805 1229 1867 operibus
1248 1821 1349 1868 quae

88 1897 165 1932 aut
180 1889 365 1938 Romae,
394 1895 475 1929 aut
497 1885 544 1927 in
569 1886 775 1944 proximo
793 1883 932 1938 fiunt,
961 1882 1235 1928 sufficienter
1264 1882 1348 1927 ha-

89 1962 201 2009 beo:
224 1963 306 2009 sed
338 1965 387 2008 in
418 1963 545 2007 omni
573 1963 805 2022 provincia
839 1963 1152 2016 inveniuntur,
1181 1959 1346 2021 quibus

89 2042 212 2087 credi
228 2043 395 2102 possit3
422 2051 469 2085 et
494 2038 598 2084 ideo
619 2053 711 2084 non
733 2037 926 2085 deerunt
945 2037 1054 2094 tibi,
1078 2036 1215 2083 modo
1235 2035 1345 2083 velis

89 2116 326 2179 diligenter
342 2128 567 2164 excutere.

1093 2265 1146 2295 10
