1650 2550
376 219 724 264 TRAJANO
762 220 1062 265 merus.
1264 218 1352 276 259

79 309 182 368 dat,
202 328 277 359 nae
292 311 370 359 ille
387 314 484 373 jam
502 314 632 359 brevi
655 327 857 376 tempore
876 314 1099 370 effecerit,
1123 325 1175 360 ut
1192 328 1349 359 omnes

81 406 172 436 non
204 403 500 453 posterorum
526 392 688 447 modo,
721 393 800 439 sed
819 395 888 439 sui
915 403 1243 454 parentumque
1261 406 1353 452 poe-

79 469 237 514 niteat.
273 470 500 528 Quocirca
533 468 647 514 nihil
681 473 818 530 magis
851 471 898 514 in
927 483 1004 517 tua
1032 480 1124 515 tota
1146 466 1351 514 liberali·
1429 483 1434 486 ·

81 557 172 590 tate
203 544 518 602 laudaverim,
545 561 685 608 quam
712 546 839 607 quod
871 547 1152 606 congiarium
1177 543 1259 588 das
1293 543 1350 588 de

81 633 162 670 tuo
175 657 188 677 ,
208 623 430 669 alimenta
448 622 506 668 de
530 636 635 678 tu03
654 638 802 685 neque
821 639 849 668 a
864 636 907 669 te.
929 623 1065 667 liberi
1084 623 1249 666 civium
1263 653 1276 674 ,
1301 631 1352 665 ut

82 696 288 744 ferarum
319 699 484 754 catuli,
518 701 736 761 sangnine
761 711 806 745 et
834 699 1032 746 caedibus
1056 699 1347 743 nutriuntur:

84 777 305 840 quodque
324 779 629 837 gratissimum
643 788 711 822 est
722 777 1046 838 accipientibus
1058 811 1070 831 ‚
1091 778 1237 821 sciunt
1252 774 1351 818 dari

85 855 191 911 sibi,
206 855 336 917 quod
351 857 522 900 nemini
534 866 603 901 est
614 866 823 916 ereptum
836 888 849 908 ,
870 853 1244 915 locupletatisque
1260 863 1353 896 tam

87 931 261 987 multis,
276 934 596 994 pauperiorem
606 947 700 977 esse
710 932 881 977 factum
892 934 1142 993 principem
1151 941 1328 977 tantum
1340 946 1351 974 z

88 1024 358 1072 quanquam
385 1025 467 1054 nec
485 1008 607 1054 hunc
634 1008 845 1070 quidem3
870 1024 977 1053 nam
995 1008 1123 1067 cujus
1140 1019 1207 1053 est
1226 1007 1357 1069 quid-

89 1086 205 1148 quid
241 1098 311 1131 est
341 1089 574 1142 omnium,
611 1097 790 1131 tantum
810 1086 932 1148 ipse,
952 1097 1175 1146 quantum
1200 1098 1357 1129 omnes

90 1163 253 1211 hahet.

152 1243 361 1289 XXVIII.
391 1244 507 1287 Amo
541 1255 616 1286 me
637 1251 768 1286 vocat
798 1252 1043 1285 numerosa
1072 1237 1215 1298 gloria
1249 1248 1355 1285 tua:

89 1320 184 1368 alio
215 1320 400 1365 autem?
431 1320 563 1379 quasi
585 1333 693 1363 vero
714 1318 813 1377 jam
835 1317 941 1361 satis
968 1326 1204 1360 veneratus
1223 1316 1363 1359 mira-

90 1414 263 1462 tusque
288 1401 372 1442 sim
385 1431 399 1453 ,
415 1397 540 1459 quod
553 1409 724 1443 tantam
737 1396 978 1456 pecuniam
991 1393 1231 1455 profudisti
1245 1429 1257 1449 ,
1272 1409 1364 1439 non

92 1493 145 1526 ut
157 1513 173 1535 ,
202 1478 363 1539 flagitii
382 1476 465 1523 tibi
485 1477 688 1521 conscius
701 1509 715 1530 ,
738 1473 798 1518 ab
815 1475 1106 1519 insectatione
1124 1473 1221 1532 ejus
1239 1488 1364 1517 aver-

91 1572 214 1607 teres
235 1557 434 1610 famam3
458 1570 541 1601 nec
573 1566 623 1601 ut
645 1556 795 1600 tristes
818 1553 1058 1598 hominum
1088 1564 1363 1613 moestosque

90 1652 329 1687 sermones
364 1634 534 1681 laetiore
562 1635 751 1679 materia
777 1632 1018 1681 detineres.
1043 1630 1228 1677 Nullam
1256 1645 1367 1676 con-

90 1720 242 1782 giario
263 1715 473 1776 culpam,
501 1712 674 1758 nullam
696 1710 918 1758 alimentis
947 1709 1260 1756 crudelitatem
1291 1724 1364 1754 re-

95 1796 315 1848 demisti3
340 1807 422 1838 nec
441 1790 524 1837 tibi
545 1790 854 1836 benefaciendi
871 1789 960 1835 fuit
981 1803 1142 1842 causa,
1165 1797 1243 1841 ut,
1266 1801 1369 1846 quae

93 1873 220 1923 male
257 1870 454 1923 feceras,
491 1871 677 1929 impune
712 1866 890 1913 fecisses
923 1881 936 1911 τ
970 1878 1099 1910 amor
1134 1861 1365 1923 impendio

92 1958 185 2001 isto
198 1987 212 2008 ‚
236 1966 333 1996 non
353 1950 485 1994 venia
503 1950 691 2009 quaesita
709 1958 798 2001 est;
819 1943 1110 2007 populusque
1136 1943 1365 1986 Romanus

95 2031 332 2092 obligatus
368 2043 397 2072 a
427 2026 647 2072 tribunali
673 2037 779 2090 tun,
811 2038 905 2068 non
936 2031 1142 2066 exoratus
1169 2021 1366 2064 recessit.

99 2108 326 2159 Obtulisti
355 2107 480 2152 enim
508 2106 785 2165 congiarium
808 2099 1108 2162 gaudentibus
1140 2097 1340 2160 gaudens
1356 2132 1370 2152 ,

100 2200 387 2248 securusque
437 2183 604 2230 securis
633 2198 645 2229 ε
692 2181 908 2244 quodque
943 2189 1074 2224 antea
1115 2179 1371 2241 principes,
