1650 2550
531 214 750 269 LIBER
786 223 841 267 X.
1233 213 1314 263 183

83 312 158 362 fuit
181 317 422 381 aliquando
456 319 647 374 domus,
681 330 733 363 ut
764 317 929 370 audio,
957 312 1174 376 pulchra,
1198 328 1320 358 nunc

83 389 277 439 deformis
310 397 466 441 ruinis.
498 398 584 441 Per
615 394 703 439 hoc
734 396 856 438 enim
884 405 1236 452 consequemur,
1269 402 1323 434 ut

80 467 300 518 foedissima
325 472 460 519 facies
493 474 684 518 civitatis
706 483 917 524 ornetur,
950 482 1084 530 atque
1109 468 1248 513 etiam
1271 477 1323 514 ut

84 547 164 607 ipsa
181 552 331 596 civitas
351 551 615 611 amplietur,
644 564 726 595 nec
753 547 846 593 ulla
870 547 1057 593 aedificia
1077 543 1322 597 tollantnr3

84 625 148 669 Sed
164 643 259 688 quae
271 641 376 673 sunt
389 638 615 673 vetustate
626 625 839 687 sublapsa
852 659 865 679 ,
885 634 1152 683 reparemur
1173 622 1218 663 in
1231 635 1325 665 me·

84 697 170 746 lius.
194 708 264 750 Est
285 718 439 751 autem
472 704 610 763 hujus
638 703 801 748 domus
821 701 1020 747 conditio
1042 698 1156 743 talis,
1183 698 1324 755 Lega-

85 794 194 827 verat
209 799 305 828 eam
325 783 543 829 Claudius
562 781 797 843 Polyaenus
815 779 1007 825 Claudio
1027 778 1217 828 Caesari,
1234 774 1328 833 jus-

86 857 213 918 sitque
244 863 291 904 in
323 857 556 921 peristylio
588 856 808 917 templum
843 856 885 900 ei
916 853 1037 908 fieri,
1071 851 1247 910 reliqua
1274 866 1328 894 ex

85 931 204 979 domo
232 935 395 992 locari,
431 952 484 981 ex
515 951 609 997 quo
647 934 846 978 reditum
873 929 1327 991 aliquandiu·civitas

84 1015 277 1073 percepit.
300 1013 477 1058 Deinde
496 1011 717 1074 paulatim
734 1011 902 1072 partim
922 1004 1108 1068 spoliata
1123 1041 1136 1060 ‚
1158 1006 1328 1066 partim

85 1089 264 1148 neglecta
279 1126 292 1146 ‚
317 1107 423 1136 cnm
457 1088 688 1153 peristylio
712 1088 876 1133 domus
898 1097 991 1130 tota
1013 1082 1209 1144 collapsa
1229 1094 1324 1128 est:

86 1178 129 1209 ac
143 1166 231 1225 jam
254 1183 368 1229 pene
387 1167 505 1214 nihil
525 1183 578 1213 ex
592 1182 644 1211 ea
657 1201 669 1221 ,
690 1167 775 1209 nisi
790 1161 938 1209 solum
958 1173 1182 1221 superest;
1204 1158 1329 1221 quod

84 1253 148 1297 tn,
178 1249 390 1302 Domine,
432 1250 525 1292 sive
557 1245 793 1291 donaveris
826 1240 1021 1295 civitati,
1055 1242 1145 1285 sive
1178 1243 1328 1285 venire

81 1319 271 1381 jusseris,
290 1337 481 1388 propter
503 1325 890 1385 opportunitatem
912 1319 1022 1373 loci,
1044 1332 1128 1378 pro
1151 1332 1329 1361 summo

85 1414 252 1448 munere
270 1406 477 1465 accipiet.
498 1404 591 1462 Ego
604 1436 617 1456 ,
638 1403 676 1445 si
692 1397 952 1461 permiseris
966 1431 979 1451 ‚
1002 1397 1149 1458 cogito
1166 1398 1209 1439 in
1225 1409 1330 1439 area

85 1492 209 1524 vacua
236 1479 471 1526 balineum
500 1476 717 1524 collocare
725 1488 753 1532 ;'
775 1490 880 1520 eum
914 1484 1063 1518 autem
1085 1473 1232 1517 locum
1247 1505 1258 1526 ‚
1285 1473 1332 1514 in

86 1568 163 1614 quo
188 1557 375 1602 aedificia
406 1556 620 1608 fuerunt,
654 1551 854 1598 'exhedra
882 1563 926 1596 et
952 1549 1199 1611 porticibus
1231 1562 1329 1593 am-

86 1629 227 1690 plecti,
255 1647 393 1696 atque
426 1632 510 1678 tibi
531 1645 816 1684 consecrare,
843 1629 971 1688 cujus
994 1627 1210 1672 beneficio
1239 1623 1329 1669 ele-

85 1721 178 1766 gans
203 1725 317 1774 opus
348 1710 627 1770 dignumque
653 1708 835 1751 nomine
868 1718 945 1750 tuo
967 1704 1059 1750 fiet.
1094 1700 1332 1761 Exemplar

86 1791 348 1843 testamenti,
382 1800 647 1850 quanquam
677 1784 967 1838 mendosum,
996 1783 1097 1826 misi
1137 1779 1246 1830 tibi3
1278 1793 1331 1822 ex

89 1877 169 1924 quo
181 1881 419 1928 cognosces
433 1898 445 1919 ‚
461 1861 606 1908 multa
618 1861 876 1924 Polyaenum
892 1863 938 1904 in
953 1857 1154 1919 ejusdem
1168 1854 1331 1899 domus
1391 1852 1396 1859 ’

87 1952 280 1989 omatum
311 1941 571 2004 reliquisse,
604 1954 731 2000 quae,
756 1949 807 1983 ut
837 1936 999 1982 domus
1028 1936 1151 1992 ipsa,
1183 1933 1331 1990 perie-
1401 1936 1406 1942 ’

90 2030 205 2065 runt:
239 2035 266 2066 a
287 2036 362 2066 me
389 2031 542 2066 tamen
555 2051 568 2073 ,
590 2018 639 2062 in
666 2026 892 2078 quantum
921 2010 1121 2073 potuerit
1134 2041 1147 2062 ,
1170 2008 1331 2069 requi-

94 2106 248 2143 rentur.
903 2102 908 2109 ¹
