1650 2550
393 205 736 253 TRAJANO
775 208 1072 254 DICTUS.
1279 210 1361 255 261

87 298 301 353 miscuit,
325 310 382 344 ut
401 300 527 360 quod
544 304 745 361 genitum
771 297 888 347 esset
918 317 1111 364 usquam
1126 336 1139 356 ‚
1160 302 1207 347 id
1236 300 1360 362 apud

85 390 249 421 omnes
268 388 432 421 natum
454 395 549 423 esse
567 379 810 425 videretur.
828 382 987 425 Nonne
1000 396 1184 426 cernere
1197 379 1334 425 datur
1345 415 1358 434 ‚

87 464 139 496 ut
166 455 269 497 sine
303 452 444 498 unius
475 455 640 515 injuria
674 459 820 501 omnis
843 455 1000 502 usibus
1030 458 1193 502 nostris
1216 472 1360 501 annus

87 529 344 576 exuberet?
370 532 551 592 Quippe
571 548 662 577 non
676 568 688 588 ,
713 546 764 580 ut
782 550 834 579 ex
853 533 1027 579 hostico
1048 546 1213 595 raptae,
1237 535 1361 594 peri-

88 619 303 669 turaeque
322 612 371 654 in
387 608 587 665 horreis,
606 626 770 655 messes
789 614 1093 672 nequicquam
1111 611 1363 671 quiritanti·

87 682 177 729 bus
203 687 341 729 sociis
379 684 663 732 auferuntur.
697 686 938 733 Devehunt
973 688 1060 749 ipsi
1086 685 1211 748 qnod
1241 698 1362 730 terra

87 762 276 820 genuit,
310 757 438 822 quod
456 762 580 807 sidus
609 761 748 817 aluit,
772 763 897 824 quod
927 778 1072 808 annus
1096 761 1200 808 tulit
1215 759 1232 807 ε’
1251 777 1360 817 nec,

87 841 224 885 novis
254 840 577 887 indictionibus
602 844 770 902 pressi,
795 842 856 886 ad
879 855 1029 888 vetera
1052 842 1224 887 tributa
1245 840 1361 885 defi-

86 921 238 966 ciunt.
275 920 397 964 Emit
426 920 559 965 fiscus
590 921 815 982 quidquid
836 921 1016 966 videtur
1047 936 1222 974 emere3
1253 919 1361 964 inde

89 1000 241 1058 copiae
251 1031 266 1051 ,
286 995 395 1044 inde
416 1014 596 1044 annona
609 1033 623 1053 ,
639 998 698 1044 de
712 1014 804 1059 qua
816 1000 936 1043 inter
948 997 1156 1044 licentem
1168 998 1362 1044 venden-

92 1089 287 1139 temque
300 1079 563 1132 conveniat3
588 1077 693 1123 inde
711 1077 785 1123 hic
803 1079 983 1123 satietas
995 1110 1008 1131 ,
1028 1091 1110 1124 nec
1128 1076 1268 1122 fames
1292 1092 1363 1122 us-

94 1172 260 1217 quam.

166 1237 305 1282 XXX.
332 1238 564 1283 AEovprus
591 1234 764 1282 alendis
791 1234 1098 1296 augendisque
1121 1235 1366 1282 seminibus
1431 1278 1442 1287 ,

92 1316 163 1360 ita
176 1313 368 1374 gloriata
386 1326 474 1370 est,
497 1327 546 1360 ut
558 1314 673 1359 nihil
689 1314 912 1360 imbribus
930 1311 1131 1373 coeloque
1149 1313 1361 1359 deberet:

96 1393 333 1454 siquidem
360 1394 547 1453 proprio
574 1409 752 1454 semper
778 1407 912 1437 amne
939 1391 1147 1453 perfusa,
1176 1408 1257 1437 nec
1276 1391 1366 1439 alio

97 1478 272 1535 genere
305 1488 529 1533 aquarum
562 1472 692 1517 solita
727 1474 1017 1533 pinguescere
1030 1506 1042 1527 ,
1079 1488 1219 1533 quam
1253 1488 1365 1533 quas

99 1554 201 1612 ipse
217 1550 459 1595 devexerat
469 1583 481 1603 ‚
498 1551 632 1595 tantis
647 1548 871 1610 segetibus
884 1548 1080 1595 indueba
1087 1561 1159 1594 tur
1170 1584 1183 1603 ‚
1201 1560 1252 1593 ut
1264 1563 1371 1593 cum

100 1628 399 1675 feracissimis
429 1629 586 1681 terris,
620 1627 749 1688 quasi
780 1641 1016 1688 nunquam
1047 1641 1251 1680 cessura,
1276 1640 1370 1670 cer·

99 1717 238 1752 taret.
260 1707 368 1750 Haec
393 1692 576 1765 inopina
600 1705 794 1749 siccitate
814 1719 957 1765 usque
976 1705 1021 1747 in
1049 1702 1261 1761 injuriam
1283 1714 1372 1747 ste-

100 1786 292 1833 rilitatis
313 1785 511 1836 exaruit,
532 1784 639 1843 quia
668 1783 793 1841 piger
812 1778 943 1826 Nilus
961 1790 1225 1825 cunctanter
1242 1777 1371 1823 alveo

101 1880 202 1913 sese
227 1877 282 1908 ac
301 1859 512 1921 languide
526 1858 744 1905 extulerat
756 1893 768 1913 ‚
793 1857 1049 1918 ingentibus
1063 1855 1251 1917 quidem
1266 1869 1373 1901 tunc

103 1956 300 2006 quoque
335 1937 410 1983 ille
432 1936 721 1990 fluminibus,
745 1935 1010 1981 liminibus
1040 1945 1190 1978 tamen
1221 1931 1369 1977 confe-

104 2021 303 2069 rendus.
324 2018 440 2062 Hinc
470 2031 574 2076 pars
605 2030 768 2076 magna
787 2027 1009 2060 terrarum
1029 2012 1169 2071 mergi
1191 2024 1376 2071 repara-

105 2102 247 2161 τίφιε
270 2111 405 2141 amne
422 2105 633 2139 consueta
654 2092 747 2138 alto
767 2091 955 2152 pulvere
972 2088 1230 2135 incanduit:
1243 2091 1377 2134 Frus-

108 2192 187 2226 tra
221 2190 333 2223 tunc
366 2175 576 2236 AEgypms
606 2169 764 2217 nubila
790 2170 989 2235 optavit,
1020 2166 1274 2229 coelumque
1309 2180 1380 2212 re—
