1650 2550
253 183 283 227 6
584 186 636 229 C.
671 185 917 229 PLINH
953 185 1188 229 EPIST.

252 275 470 322 acerbum
490 275 631 332 mihi,
661 277 699 321 si
722 278 783 330 is,
807 279 883 322 cui
904 279 1050 321 omnis
1074 293 1127 322 ex
1153 275 1311 322 studiis
1337 276 1480 337 gratia
1494 311 1508 330 ,

251 351 466 398 inhabilis
488 352 648 398 studiis
676 352 841 398 fuerit!
867 354 978 412 Quis
1001 352 1165 398 deinde
1187 350 1362 397 libellos
1388 368 1515 398 meos

253 431 316 474 sic
334 427 477 491 leget?
499 431 561 474 sic
580 428 780 475 amabit?
803 444 943 491 quem
962 445 1094 474 aures
1115 444 1226 474 meae
1245 430 1307 474 sic
1325 445 1518 491 sequen-

252 508 458 554 tur?Sed
480 511 554 554 Dii
567 507 739 554 laetiora
761 511 1046 571 promittunt.
1064 509 1194 554 Stetit
1213 511 1392 569 sangnis
1406 542 1419 561 ‚
1447 525 1517 554 re-

256 587 372 634 sedit
393 586 538 634 dolor.
564 586 783 634 Praet‘erea
804 590 1038 634 continens
1058 589 1174 649 ipse:
1199 602 1282 632 nos
1304 585 1482 632 solliciti
1501 622 1516 642 ,

259 665 424 711 medici
442 664 694 726 diligentes.
712 665 781 711 Ad
794 664 882 711 hoc
895 665 1136 711 salubritas
1149 664 1249 710 coeli
1262 699 1274 719 ‚
1292 680 1493 710 secessus
1505 700 1520 720 ‚

260 744 387 804 quies
404 777 417 799 ,
446 755 624 790 tantum
655 742 811 790 salutis
827 752 856 799 ,‘·
870 755 1094 805 quantum
1122 742 1204 788 otii
1229 740 1520 803 pollicentur.

162 886 171 891 ⁴
262 819 392 865 Vale.

260 965 357 984 m
367 965 645 985 mmm
652 964 1031 984 mmm

1322 964 1523 984 m

859 1071 937 1120 11.
1011 1070 1016 1075 ’

584 1203 944 1269 CALvtsm
978 1204 1120 1248 suo
1156 1205 1202 1248 s,

410 1333 548 1378 pretii
560 1340 737 1395 partem
754 1330 1025 1394 emptoribus
1043 1333 1252 1388 remittit,
1269 1347 1383 1395 quos

544 1410 868 1455 vindemiarum
888 1425 988 1473 spes
1003 1409 1249 1472 ssfillerat.

331 1529 498 1574 Aulin
516 1526 687 1588 praedia
706 1542 789 1572 sua
801 1526 1151 1589 proficiscuntur
1162 1561 1176 1581 ,
1197 1539 1247 1574 ut
1264 1524 1538 1588 locupletio-

214 1597 217 1600 ’
272 1620 342 1650 res
372 1615 680 1659 revertantur;
710 1618 819 1664 ego,
853 1615 906 1649 ut
929 1606 1190 1666 pauperior.
1222 1603 1540 1651 Vendideram

269 1680 517 1727 vindemias
531 1682 737 1726 certatim
754 1680 1112 1741 negotiatoribus
1125 1679 1378 1726 ementibus
1392 1696 1402 1725 ε
1420 1682 1544 1725 invi-

273 1759 398 1807 tabat
416 1761 614 1821 pnetium
631 1794 645 1814 ,
664 1772 709 1805 et
728 1759 854 1821 quod
872 1771 980 1805 tunc
996 1793 1010 1815 ,
1031 1772 1077 1805 et
1095 1759 1221 1822 quod
1234 1758 1330 1804 fore
1344 1758 1545 1804 videba-

270 1848 372 1883 tur:
395 1851 495 1898 spes
514 1834 689 1882 fefellit.
708 1839 818 1881 Erat
837 1835 1097 1898 expeditum
1109 1870 1123 1891 ‚
1143 1834 1354 1881 omnibus
1375 1838 1544 1881 remit-

271 1928 365 1962 tere
388 1913 638 1975 aequaliter,
668 1912 749 1959 sed
769 1928 863 1958 non
892 1916 999 1959 satis
1023 1928 1221 1974 aeqnum.
1247 1910 1362 1957 Mihi
1385 1924 1548 1959 autem

273 1995 504 2055 egregium
526 1993 574 2036 in
597 1993 756 2053 primis
775 1990 973 2046 videtur,
997 2003 1048 2038 ut
1071 1991 1206 2045 foris,
1230 1991 1294 2036 ita
1315 1989 1467 2044 domi,
1488 2003 1545 2037 ut

270 2075 319 2117 in
343 2073 516 2131 magnis
532 2103 546 2124 ,
565 2073 630 2117 ita
648 2070 694 2114 in
717 2072 870 2130 parvis
887 2103 902 2125 ,
922 2081 975 2115 ut
993 2071 1040 2114 in
1063 2069 1219 2114 alienis
1232 2101 1246 2123 ‚
1265 2069 1329 2115 ita
1346 2069 1394 2111 in
1417 2070 1511 2112 suis
1526 2103 1543 2124 ‚
1639 2091 1642 2102 ‹

275 2149 443 2208 agitare
475 2147 699 2206 justitiam
713 2162 729 2201 ;
766 2160 874 2189 nam
911 2147 949 2190 si
982 2146 1111 2206 paria
1154 2155 1360 2205 peccata,
1403 2156 1541 2202 pares

269 2226 410 2272 etiam
439 2222 612 2269 laudes.
646 2226 806 2285 ltaque
841 2222 1053 2268 omnibus
1089 2220 1306 2284 quidem,
1341 2235 1400 2265 ne
1434 2222 1541 2281 quis
