1650 2550
526 161 567 205 L
577 160 600 205 1
614 162 648 205 B
661 160 698 204 E
713 161 752 206 R
784 159 874 205 lx.
1271 172 1296 217 7
1307 171 1327 201 ι

62 265 297 316 umquam
322 255 575 301 fortuitum
589 289 602 310 ‚
640 255 787 317 quod,
822 253 954 300 editis
980 252 1108 299 libris
1120 285 1134 307 ,
1166 251 1329 315 Cequs

67 335 173 379 intra
204 336 510 396 paucissimos
539 333 636 379 dies
663 332 902 395 implicitus
933 331 1094 377 morbo
1120 329 1326 375 decessit.

66 411 221 457 Audivi
241 411 497 457 referentes
514 409 632 455 hanc
650 411 890 470 imaginem
909 410 1051 454 menti
1063 406 1159 467 ejus
1171 441 1184 461 ,
1208 404 1327 449 hanc

64 488 192 534 oculis
227 490 497 544 oberrasse,
532 501 766 550 tamquam
785 487 984 542 videret,
1010 500 1083 530 me
1108 483 1195 530 sibi
1218 497 1325 527 cum

64 564 173 611 ferro
186 569 446 613 imminere.
469 569 650 612 Verane
663 566 757 611 haec
767 600 781 622 ,
796 565 1024 610 affirmare
1038 577 1129 607 non
1148 562 1319 606 ausim:

61 646 234 691 interest
258 658 417 692 tamen
441 644 663 705 exempli,
691 656 742 690 ut
759 659 867 689 vera
885 641 1138 688 videantur.
1169 637 1321 683 Habes

62 721 309 780 epistolam,
339 727 381 768 si
401 722 599 769 modum
625 722 824 783 epistolae
843 723 1005 781 cogites
1018 754 1034 775 ,
1054 717 1183 762 libris
1205 729 1320 777 quos

58 796 188 859 legisti
205 818 298 848 non
321 804 574 848 minorem.
597 801 684 846 Sed
705 799 952 862 imputabis
970 798 1053 844 tibi
1066 832 1079 853 ,
1100 796 1182 858 qui
1203 808 1318 839 con-

56 887 191 924 tentus
209 879 341 926 libris
362 895 460 925 non
482 878 626 925 fuisti.
648 877 778 925 Vale.

58 1037 633 1062 mmmmm
639 1039 1017 1059 mmmm
1028 1035 1306 1056 mmm

603 1162 762 1213 XIV.

404 1306 683 1353 TACITO
718 1309 859 1354 SUO
893 1308 938 1354 8.

149 1436 396 1490 Hortatur,
420 1443 478 1479 ut
497 1442 711 1479 oeternam
728 1423 1003 1499 sibifamam
1022 1443 1193 1503 scr-aptatu

563 1522 797 1574 comparet.

102 1656 196 1701 Nm
216 1658 315 1717 ipse
332 1655 419 1701 tibi
437 1654 645 1717 plaudis,
664 1668 711 1702 et
730 1672 815 1719 ego
841 1657 955 1704 nihil
973 1662 1117 1721 magis
1139 1676 1191 1707 ex
1212 1660 1304 1710 fide

53 1743 173 1789 quam
194 1733 255 1778 de
276 1745 322 1780 te
339 1732 506 1779 scribo.
533 1735 726 1779 Posteris
752 1750 812 1780 an
832 1735 987 1799 aliqua
1003 1754 1111 1783 cura
1132 1743 1302 1796 nostri,

50 1810 211 1855 nescio:
232 1825 316 1856 nos
337 1822 461 1856 certe
479 1824 712 1855 meremur
733 1822 785 1856 ut
803 1815 861 1857 sit
881 1811 1034 1875 aliqua
1047 1848 1060 1869 ,
1084 1830 1176 1860 nou
1200 1817 1303 1862 dico

52 1883 212 1944 ingenio
224 1888 300 1946 (id
313 1890 440 1933 enim‘
452 1888 728 1949 superbum)
744 1923 757 1944 ,
773 1890 854 1935 sed
868 1891 1018 1937 studio
1030 1926 1044 1947 ‚
1059 1905 1106 1938 et
1117 1892 1274 1939 labore
1286 1927 1301 1950 ,

50 1971 86 2004 et
104 1967 349 2010 reverentia
369 1976 673 2025 posterorum.
703 1969 947 2029 Pergamus
974 1969 1113 2014 modo
1141 1972 1301 2016 itinere

48 2040 238 2088 instituto
251 2076 265 2097 ‚
287 2043 413 2105 qnod
435 2056 488 2088 ut
504 2058 673 2105 paucos
691 2046 738 2089 in
752 2045 901 2092 lucem
919 2046 1184 2109 famamque
1197 2062 1301 2109 pro-

54 2121 167 2174 mit,
180 2122 244 2166 ita
257 2120 423 2166 multos
437 2132 483 2167 et
496 2121 693 2168 tenebris
706 2134 752 2169 et
765 2113 943 2171 silentio
957 2123 1296 2185 protulitNale.
