1650 2550
355 187 708 232 TRAJANO
743 189 1043 234 DICTUS.
1241 189 1331 234 263

69 289 240 323 ventosa
270 290 318 324 et
340 276 539 323 insolens
563 281 713 334 nati0,
746 281 875 340 quod
907 281 1121 327 victorem
1144 279 1332 342 quidem

68 355 285 416 populum
300 368 506 416 pasceret
521 367 673 400 tamen
686 389 699 410 ,
720 355 935 418 quodque
953 359 999 401 in
1019 373 1102 402 suo
1116 355 1303 402 flumine
1317 390 1331 412 ‚

67 433 108 477 in
134 434 224 478 suis
258 432 481 489 navibus,
510 432 584 479 vel
614 433 896 480 abundantia
919 447 1073 480 nostra
1095 433 1165 480 vel
1188 434 1332 480 sames

65 524 189 557 esset.
210 512 486 558 Refudimus
505 513 609 558 Nilo
624 529 729 558 suas
743 516 923 575 copias:
945 516 1114 574 recepit
1131 513 1332 559 frumen·

66 601 109 634 ta
151 607 254 652 quae
289 592 504 646 miserat,
545 578 898 654 deportatasque
937 609 1104 639 messes
1142 594 1327 638 revexit.

63 669 213 715 Discat
250 670 390 730 igitur
428 673 669 733 AEgyptus,
711 671 957 731 credatque
996 671 1327 731 experimento,

62 761 152 791 non
173 747 395 794 alimenta
413 764 460 794 se
481 747 613 794 nobis
626 782 639 803 ‚
663 748 744 794 sed
765 749 936 796 tributa
956 759 1197 811 praestare:
1220 749 1330 793 sciet

62 839 107 869 se
134 841 226 871 non
261 841 359 870 esse
386 825 558 887 populo
585 829 788 873 Romano
812 830 1132 882 necessariam,
1156 839 1201 873 et
1222 838 1326 871 tan-

62 914 159 948 tum
181 904 368 948 serviat.
384 906 490 949 Post
502 903 598 950 haec
610 938 624 960 ‚
645 907 683 949 si
702 903 823 951 volet
839 903 968 950 Nilus
979 939 993 959 ,
1013 917 1134 951 amet
1147 902 1329 950 alveum

61 996 222 1036 suum,
262 992 308 1026 et
343 980 542 1027 fluminis
578 982 767 1027 modum
802 994 977 1028 servet:
998 981 1112 1027 nihil
1146 981 1232 1026 hoc
1268 980 1330 1026 ad

59 1058 235 1105 Urbem
250 1093 264 1115 ‚
294 1074 348 1104 ac
378 1075 435 1105 ne
457 1060 518 1105 ad
539 1062 777 1123 AEgyptum
802 1060 1014 1121 quidem,
1037 1061 1122 1104 nisi
1146 1071 1197 1105 ut
1223 1059 1328 1105 inde

53 1140 236 1199 navigia
272 1139 424 1183 inania
458 1150 504 1184 et
533 1153 701 1193 vacua,
742 1149 787 1184 et
817 1136 981 1182 similia
1007 1136 1328 1191 redeuntibus,

52 1214 160 1260 hinc
181 1214 320 1277 plena
341 1226 387 1260 et
403 1227 591 1270 onusta,
615 1228 660 1261 et
680 1213 835 1278 qualia
857 1213 1001 1260 solent
1021 1215 1176 1259 venire
1189 1248 1202 1270 ,
1230 1217 1331 1260 mit·

53 1306 239 1348 tantun
280 1308 591 1355 conversoque
630 1309 818 1340 munere
855 1295 1020 1348 maris,
1053 1292 1157 1337 hinc
1179 1295 1332 1354 potius

51 1373 177 1417 venti
210 1368 411 1416 ferentes
447 1381 490 1415 et
512 1369 661 1415 brevis
690 1386 848 1416 cursus
874 1382 1103 1431 optentur.
1127 1372 1325 1425 Mirum,

50 1451 231 1503 czar,
270 1446 529 1503 videretur,
554 1450 590 1493 si
619 1447 823 1494 desidem
851 1450 1117 1509 AEgyptum,
1144 1462 1329 1492 cessen-

49 1539 239 1587 temque
274 1523 432 1570 Nilum
463 1540 553 1571 non
591 1527 799 1571 sensisset
831 1524 956 1571 urbis
988 1540 1193 1580 annona3
1222 1539 1325 1585 quae

50 1607 138 1651 tuis
179 1601 351 1665 opibus
374 1636 387 1656 ,
433 1614 510 1648 tua
538 1618 649 1648 cura
689 1619 832 1665 usque
874 1601 982 1649 illuc
1017 1602 1289 1649 redundavit
1309 1636 1323 1657 ,

49 1695 97 1729 ut
116 1678 264 1727 simul
289 1678 586 1741 probaretur,
615 1692 660 1727 et
682 1696 764 1727 nos
786 1684 974 1745 Egypto
996 1696 1153 1742 posse,
1177 1691 1222 1724 et
1241 1694 1326 1724 no—

48 1759 117 1807 bis
160 1762 408 1823 AEgyptum
437 1774 594 1805 carere
637 1774 728 1805 non
762 1775 910 1821 posse.
941 1762 1104 1804 Actum
1146 1769 1241 1804 erat
1267 1758 1325 1802 de

47 1836 380 1885 fecundissima
400 1847 554 1896 gente,
588 1838 625 1881 si
644 1834 786 1882 libera
804 1836 991 1882 fuisset:
1017 1833 1221 1896 pudebat
1242 1847 1327 1880 ste·

47 1917 233 1963 tilitatis
254 1911 472 1968 insolitam
492 1929 575 1960 nec
590 1917 740 1960 minus
755 1913 1053 1969 erubescebat
1073 1911 1192 1957 fame
1205 1945 1218 1967 ,
1234 1928 1327 1973 qua

49 1993 385 2056 torquebatur.
405 2009 547 2055 quum
567 1997 737 2057 pariter
754 2010 782 2040 a
803 2007 848 2040 te
871 1989 1210 2039 necessitatibus
1230 1991 1326 2051 ejus

46 2074 315 2135 pudorique
339 2070 612 2118 subventum
635 2084 717 2119 est.
738 2072 990 2134 Stupebant
1008 2067 1213 2132 agricolae
1234 2068 1329 2131 ple·

48 2167 103 2200 na
116 2152 296 2199 horrea
309 2184 324 2207 ‚
340 2164 442 2213 quae
456 2165 549 2196 non
566 2152 651 2213 ipsi
670 2149 951 2199 refersissent
961 2183 976 2206 ,
994 2147 1252 2212 quibusque
1270 2147 1329 2193 de
