1650 2550
372 201 715 248 TRAJANO
750 202 1050 247 DICTUS.
1255 201 1343 263 307

80 294 292 354 princeps
319 307 458 353 super
483 291 626 354 leges,
655 290 734 336 sed
760 290 878 352 leges
909 306 1046 351 super
1066 292 1342 352 principem3

82 370 300 430 idemque
326 371 492 415 Caesari
514 367 711 420 consuli,
735 368 862 429 quod
883 371 1084 421 caeteris,
1115 385 1204 414 non
1223 368 1340 416 iicet

81 449 278 493 Juratin
300 447 446 506 legem
464 446 797 492 attendentibus
810 446 926 501 diis,
954 448 1085 504 (nam
1109 448 1181 491 cui
1204 449 1346 508 magis

82 539 224 586 quam
246 524 415 568 Coesari
434 522 695 568 attendant?
714 525 869 582 )jurat
887 521 1230 568 observantibus
1248 522 1343 579 his,

81 599 254 663 quibus
283 599 406 644 idem
427 599 678 659 jurandum
708 612 802 646 est:
837 615 930 644 non
962 601 1143 658 ignarus
1176 596 1347 659 alioqui

77 680 253 723 nemini
287 675 535 736 religiosius
570 676 695 738 qnod
719 676 941 736 juraverit
973 667 1344 729 cusiodiendum‚

79 769 224 817 quam
248 753 379 812 cujus
401 756 595 798 maxime
625 755 808 798 interest
829 766 922 797 non
944 751 1161 813 pejerare.
1186 752 1345 811 ltaque

80 845 127 879 et
150 832 363 877 abiturus
383 829 620 876 consulatu
637 830 823 889 jurasti,
856 841 898 875 te
920 828 1032 877 nihil
1052 840 1208 873 contra
1227 826 1344 887 leges

77 910 257 958 fecis-e.
281 909 498 968 Magnum
517 906 602 952 boc
615 920 711 953 erat
723 943 736 962 ,
753 921 896 969 quum
912 908 1226 968 promitteres:
1254 919 1345 950 ma-

70 990 150 1050 jus
164 1020 179 1040 ‚
201 997 448 1049 postquam
469 986 731 1046 praestitisti.
757 986 861 1029 Jam
884 986 1013 1029 toties
1035 983 1278 1043 procedere
1297 984 1346 1029 in
1418 1050 1423 1055 ‚

75 1077 228 1113 rostra
248 1097 263 1119 ,
287 1066 661 1124 inascensumque
688 1061 817 1107 illum
843 1060 1066 1123 superbiae
1087 1064 1345 1122 principum

75 1144 238 1190 locum
256 1152 403 1186 terere
416 1174 429 1195 ,
449 1141 523 1186 hic
546 1141 771 1200 suscipere
792 1173 805 1195 ,
826 1138 901 1184 hic
927 1153 1095 1199 ponere
1117 1142 1346 1199 magistra-

76 1235 156 1269 tus
166 1254 185 1277 ‚
208 1234 349 1279 quem
369 1218 556 1280 dignum
573 1230 642 1272 te,
663 1232 893 1279 quamque
910 1216 1138 1262 diversum
1157 1232 1346 1264 consue-

74 1299 245 1348 tudine
262 1295 446 1343 iliorum
461 1330 475 1351 ‚
496 1299 576 1358 qui
588 1294 793 1357 pauculis
810 1294 973 1340 diebus
989 1307 1165 1355 gestum
1182 1311 1348 1342 consu-

72 1379 230 1426 latum
242 1409 256 1429 ‚
283 1376 373 1419 imo
393 1388 484 1419 non
506 1386 681 1434 gestum
693 1407 706 1429 ,
725 1371 999 1432 abjiciebant
1016 1387 1098 1433 per
1115 1373 1343 1420 edictum!

74 1459 182 1504 Hoc
201 1455 257 1500 iis
270 1467 356 1514 pro
366 1454 578 1498 concione
591 1486 604 1506 ,
622 1467 706 1514 pro
721 1453 876 1497 rostris
888 1485 902 1506 ‚
920 1466 1004 1512 pro
1020 1450 1341 1511 jurejurando:

74 1532 257 1581 scilicet
280 1542 330 1575 ut
350 1531 508 1591 primis
526 1540 725 1574 extreme
747 1540 1045 1588 congruerent
1060 1563 1073 1584 ,
1096 1541 1237 1590 utque
1257 1528 1345 1575 hoc

73 1611 181 1659 solo
203 1605 564 1666 intelligeremur
591 1608 677 1668 ipsi
701 1606 907 1651 consules
931 1605 1097 1662 fuisse,
1117 1606 1241 1668 quod
1267 1606 1346 1652 alii

72 1704 176 1737 non
199 1687 409 1732 fuissent.

138 1766 309 1813 val.
343 1764 446 1808 Nou
474 1761 717 1817 transilivi,
761 1765 810 1808 P.
845 1764 897 1808 C.
912 1796 926 1816 ,
957 1762 1187 1822 principis·
1204 1763 1347 1807 nostri

70 1842 401 1895 consulatum,
429 1839 507 1885 sed
534 1840 744 1885 eumdem
766 1841 813 1884 in
836 1839 986 1885 locum
1009 1837 1177 1884 contuli
1205 1838 1346 1896 quid-

72 1920 199 1988 quid
221 1919 284 1965 de
301 1917 593 1977 jurejurando
611 1917 856 1963 dicendum
874 1927 985 1961 erat·
1008 1916 1165 1975 Neque
1186 1916 1310 1960 enim
1326 1949 1342 1971 ‚

75 2013 136 2049 nt
164 2001 216 2043 in
240 1993 382 2042 sterili
404 1993 649 2055 jejunaque
681 1997 894 2048 materia,
922 1991 1126 2038 eamdem
1153 1994 1349 2052 speciem

74 2076 240 2130 lendis
259 2072 474 2118 diducere
490 2086 542 2116 ac
560 2085 768 2131 spargere
780 2106 793 2125 ,
814 2082 951 2131 atque
970 2067 1214 2115 identidem
1227 2079 1348 2115 trac·

75 2170 185 2206 ure
205 2137 443 2198 debemus.
460 2147 671 2196 llluxerat
685 2152 861 2211 primns
873 2145 1131 2195 consulatus
1142 2147 1210 2193 tui
1222 2146 1318 2192 dies
1329 2181 1347 2198 .
