1650 2550
244 139 328 170 too
566 126 616 169 C.
654 123 900 167 PLINII
934 121 1166 166 EPlST.

819 276 1523 300 mmmmm

232 284 522 304 mmm

711 399 1017 451 XXXIII.

573 549 896 595 CANINIO
931 548 1073 592 SUO
1109 549 1157 592 S.

306 693 427 736 Mira
444 691 652 753 quaedam
670 698 828 734 narrat
846 690 901 734 de
918 685 1127 750 delphino
1142 687 1446 751 Hipponensi'.

301 833 454 877 lucum
469 830 516 872 in
529 829 764 874 materiam
774 843 930 873 veram
941 861 955 884 ,
974 825 1053 872 sed
1067 823 1359 873 simillimam
1369 829 1488 893 fictae
1503 864 1518 884 ,

239 908 514 969 dignamque
530 908 614 951 isto
627 905 854 952 laetissimo
866 940 879 962 ‚
897 904 1114 951 altissimo
1130 939 1144 960 ,
1159 903 1400 969 planeque
1412 924 1523 970 poe-

241 988 329 1032 tico
347 988 541 1047 ingenio.
563 982 708 1029 Incidi
730 994 886 1029 autem
902 1016 914 1034 ,
935 981 1049 1028 dum
1071 997 1210 1043 snper
1227 998 1416 1030 coenam
1437 1001 1524 1032 va-

240 1064 310 1108 ria
334 1060 551 1108 miracula
570 1059 675 1106 hinc
698 1058 804 1105 inde
820 1057 1100 1106 referuntur.
1121 1059 1294 1122 Magna
1314 1063 1523 1108 auctoris

239 1140 351 1187 fides
366 1141 572 1199 (tametsi
584 1138 695 1201 quid
710 1150 854 1200 poetae
866 1153 972 1184 cum
986 1137 1131 1197 fidem
1148 1154 1159 1182 ι
1180 1140 1219 1182 is
1234 1150 1399 1186 tamen
1416 1156 1527 1187 aiic-

242 1231 338 1278 tor‚
364 1222 438 1264 cui
463 1218 578 1271 bene
595 1218 667 1263 vel
689 1218 923 1263 historiam
951 1219 1200 1280 scripturus
1222 1217 1524 1266 credidisses.

242 1301 319 1344 Est
338 1300 382 1343 in
406 1296 557 1342 Africa
579 1299 882 1358 Hipponensis
903 1293 1104 1351 colonia,
1129 1297 1247 1340 mari
1268 1300 1520 1357 proxima:

242 1376 416 1437 adjacet
444 1375 697 1436 navigabile
723 1388 937 1436 stagnum
949 1391 964 1429 ς
997 1390 1050 1428 ex
1085 1373 1172 1419 hoc
1186 1408 1199 1428 ,
1235 1376 1284 1419 in
1318 1377 1527 1424 modum

240 1453 439 1500 fluminis
456 1488 470 1508 ‚
497 1454 757 1499 aestuarium
779 1455 993 1513 emergit,
1023 1450 1152 1514 quod
1174 1454 1271 1498 vice
1302 1453 1491 1501 alterna
1506 1490 1522 1510 ,

239 1546 377 1595 prout
400 1544 530 1578 aestus
550 1542 629 1576 aut
651 1534 888 1592 repressit,
909 1545 988 1577 aut
1005 1529 1212 1592 impulit,
1232 1547 1358 1579 nunc
1378 1534 1526 1581 infer-

241 1623 315 1657 tur
337 1612 476 1664 mari,
509 1624 628 1654 nunc
656 1608 865 1655 redditur
892 1621 1065 1669 stagno.
1101 1610 1261 1654 Omnis
1294 1608 1373 1657 hic
1407 1624 1524 1659 aetas

240 1686 470 1752 piscandi,
506 1687 778 1748 navigandi,
806 1698 945 1748 atque
973 1688 1111 1732 etiam
1141 1687 1330 1733 natandi
1364 1691 1524 1737 studio

245 1777 449 1812 tenetur:
476 1766 667 1809 maxime
684 1765 843 1825 pueri,
869 1778 983 1825 quos
1004 1765 1149 1809 otium
1168 1762 1398 1827 ludusque
1425 1768 1524 1813 sol-

244 1843 401 1889 licitat.
420 1845 498 1888 llis
514 1841 656 1904 gloria
673 1854 719 1889 et
735 1844 881 1888 virtus
895 1841 1110 1888 altissime
1127 1842 1317 1906 provehi
1334 1860 1346 1890 τ
1370 1846 1524 1892 victor

245 1920 338 1975 ille,
362 1915 444 1983 qui
465 1921 723 1981 longissime
746 1932 796 1966 ut
818 1920 970 1976 littus,
993 1923 1057 1966 ita
1070 1920 1207 1967 simul
1227 1934 1389 1968 nantes
1408 1923 1523 1970 reli·

241 2001 357 2061 quit.
379 2001 474 2044 Hoc
500 2000 743 2045 certamine
762 2013 880 2059 puer
904 1998 1094 2061 quidam
1121 1999 1365 2046 audentior
1384 2015 1524 2049 octe-

239 2078 305 2121 ris
333 2077 381 2120 in
420 2074 636 2121 ulteriora
666 2074 907 2121 tendebat:
937 2074 1181 2137 delphinus
1213 2081 1437 2135 occurrit,
1474 2093 1522 2128 et
