1650 2550
353 197 702 244 TRAJANO
736 195 1035 240 mc'rUS.
1239 193 1330 254 329

34 300 258 343 minores
276 305 423 339 erant.
443 290 549 337 ‘ribi
566 306 679 338 uxor
697 291 744 334 in
761 289 900 334 decus
920 300 963 334 et
986 286 1176 348 gloriam
1193 287 1327 333 cedit.

36 373 177 435 Quid
205 372 339 418 enim
369 370 449 415 illa
477 369 703 414 sanctius?
724 366 837 429 quid
868 367 1126 426 antiquins?
1148 368 1333 422 Nonne,

43 455 85 499 si
96 450 326 515 pontifici
346 449 541 494 maximo
563 444 799 506 deligenda
813 445 874 490 sit
890 443 1052 503 conjnx
1063 477 1077 499 ,
1094 455 1174 490 aut
1190 443 1307 489 hanc
1320 479 1334 499 ,

43 542 133 576 ant
173 526 380 575 similem
417 525 527 584 (ubi
568 536 635 570 est
672 535 823 569 autem
863 522 1077 580 similis?)
1124 520 1335 580 elegerit?

45 611 217 669 Quam
245 603 325 651 illa
348 601 466 648 nihil
493 602 580 647 sibi
611 617 665 646 ex
692 600 877 646 fortuna
908 612 987 645 tua
1013 600 1100 643 nisi
1121 598 1338 658 gaudium

47 683 300 733 vindicat!
335 696 474 743 quam
504 691 762 725 constanter
783 693 875 723 non
902 678 1151 739 potentiam
1181 687 1334 731 tuam,

48 764 139 810 sed
164 765 327 823 ipsum
353 771 398 805 te
420 758 675 804 reveretur!
709 756 839 802 Idem
860 757 966 800 estis
994 755 1189 798 invicem
1212 753 1339 814 quod

51 841 248 887 fuistis:
276 836 483 898 probatis
506 851 560 880 ex
590 848 720 895 aequo
734 866 748 888 ,
775 830 980 894 nihilque
1000 832 1129 877 vobis
1151 830 1340 877 felicitas

56 915 251 964 umidis
263 948 277 969 ,
297 914 385 958 nisi
405 911 530 974 quod
552 913 666 956 scire
686 911 880 971 coepistis
893 943 906 963 ,
927 923 1066 970 quam
1080 906 1196 952 bene
1214 919 1339 953 uter-

57 1012 156 1058 que
189 1004 401 1038 vestrum
427 987 686 1035 felicitatem
711 986 845 1033 ferat.
868 985 1041 1031 Eadem
1067 1000 1207 1047 quam
1234 1001 1339 1031 mo-

60 1074 175 1119 dica
195 1067 354 1116 cultu!
380 1082 521 1128 quam
538 1080 678 1126 parca
695 1063 936 1111 comitatu!
958 1078 1097 1125 quam
1113 1062 1256 1108 civilis
1278 1066 1341 1108 in·

62 1164 207 1196 cessa
221 1147 234 1190 !
252 1146 410 1190 Mariti
423 1143 511 1188 hoc
520 1158 635 1204 opus
647 1174 661 1196 ,
680 1144 760 1202 qui
773 1143 837 1187 ita
850 1140 1015 1185 imbuit
1025 1174 1039 1195 ,
1048 1142 1111 1185 ita
1123 1141 1338 1186 institnit:

66 1242 188 1275 nam
203 1225 339 1270 uxori
351 1221 518 1267 sufficit
537 1221 745 1282 obsequii
763 1218 921 1282 gloria.
944 1220 1014 1263 An
1032 1232 1176 1280 quum
1190 1217 1342 1263 videat

62 1320 217 1369 qnam
233 1315 279 1349 te
292 1299 444 1346 nullus
457 1311 618 1354 terror,
634 1298 759 1343 nulla
772 1300 1011 1343 comitetur
1022 1296 1211 1341 ambitio
1223 1330 1235 1351 ,
1249 1311 1344 1342 non

65 1396 122 1430 et
136 1385 240 1443 ipsa
251 1394 360 1425 cum
373 1376 549 1422 silentio
569 1375 771 1430 incedat3
785 1373 1200 1435 ingredientemque
1217 1373 1343 1434 pedi-

65 1463 166 1507 hus
181 1459 400 1505 maritum
414 1490 427 1510 ,
445 1458 493 1500 in
511 1466 735 1516 quantum
751 1454 927 1516 patitur
939 1466 1066 1496 sexus
1079 1485 1093 1506 ‚
1111 1452 1343 1496 imitetur?

71 1537 299 1585 necuerit
319 1534 410 1580 hoc
433 1533 555 1579 illam
569 1567 581 1588 ‚
607 1533 783 1578 etiamsi
804 1531 983 1575 diversa
1009 1542 1060 1576 tu
1077 1529 1232 1574 facias.
1248 1529 1342 1573 Sub

68 1615 168 1661 hac
178 1627 291 1658 vero
299 1610 520 1656 modestia
527 1610 611 1654 viri
625 1643 638 1665 ,
648 1620 866 1670 quantam
876 1606 1012 1651 debet
1022 1602 1346 1651 verecundiam

73 1707 200 1740 uxor
219 1691 386 1737 marito
398 1723 412 1744 ‚
430 1689 600 1734 femina
618 1687 727 1732 sihi!

144 1768 384 1815 Lxxxlv.
408 1768 565 1811 Sonuit
586 1776 741 1808 autem
758 1775 839 1807 tua
852 1795 864 1816 ,
888 1771 940 1805 ut
958 1775 1004 1805 se
1026 1772 1229 1806 sororem
1247 1772 1343 1802 esse

79 1843 321 1894 meminit!
356 1854 408 1888 ut
441 1843 490 1885 in
519 1839 598 1885 illa
630 1852 706 1886 tna
729 1835 1018 1899 simplicitas,
1045 1847 1125 1880 tua
1157 1833 1343 1886 veritas,

81 1939 196 1972 tuns
217 1920 392 1969 candor
412 1918 693 1981 agnoscitur!
717 1929 769 1961 ut
796 1918 834 1961 si
856 1917 958 1977 quis
979 1929 1081 1958 eam
1108 1913 1236 1956 uxori
1258 1922 1347 1955 tuae

80 2001 319 2074 conferfit,
338 1999 548 2044 dubitare
566 2008 768 2057 cogatur,
788 2006 943 2039 utrum
963 1994 1020 2037 sit
1041 1989 1268 2036 efficacius
1287 1986 1346 2032 ad

83 2094 213 2130 recte
233 2077 503 2132 vivendum,
534 2077 650 2122 bene
672 2071 871 2127 institui,
899 2083 980 2116 aut
998 2069 1189 2115 feliciter
1208 2066 1346 2111 nasci.

87 2156 223 2206 Nihil
240 2167 308 2201 est
323 2165 418 2200 tam
436 2166 634 2215 pronum
648 2150 707 2195 ad
724 2148 998 2203 simultates,
1014 2160 1154 2208 quam
1168 2140 1352 2189 aemula·—

349 2246 384 2276 11
391 2267 400 2277 .
1176 2238 1196 2265 2
1208 2237 1228 2264 2
