1650 2550
395 161 740 229 TRAJANO
774 149 1070 230 uterus.
1275 188 1359 235 253

102 274 174 323 alii
204 291 250 323 ze
283 278 394 322 satis
429 279 586 323 vixisse
608 290 653 324 te
684 280 809 335 vise,
841 291 885 325 te
907 291 1113 341 recept03
1145 277 1221 326 alii
1242 298 1363 329 nunc
1400 293 1406 298 ”

103 359 238 417 magis
267 371 368 401 esse
389 356 631 402 vivendum
656 357 979 418 praedicabant.
1000 359 1365 409 Feminasaetiam

104 446 206 479 tunc
250 433 543 480 fecunditatis
582 450 673 479 suae
712 437 909 480 maxima
953 435 1158 498 voluptas
1199 437 1363 493 subiit,

104 530 244 575 quum
262 526 503 559 cernerent
524 516 596 558 cui
617 516 811 575 principi
836 516 979 570 cives,
1007 517 1081 560 cui
1100 517 1367 577 imperatori

104 591 268 636 milites
291 592 587 652 peperissent.
611 591 802 636 Videres
829 590 993 637 referta
1017 604 1133 638 tecta
1159 607 1210 637 ac
1241 592 1366 638 labo·

103 670 277 724 tantia,
312 683 367 713 ac
396 684 455 713 ne
478 684 583 713 eum
615 668 799 729 quidem
828 682 1062 715 vacantem
1083 669 1259 724 locum,
1288 672 1369 731 qui

103 763 191 793 non
216 749 305 791 nisi
328 760 596 807 suspensum
614 759 659 792 et
675 747 885 792 instabile
905 750 1144 808 vestigium
1162 761 1367 809 capet-eu

103 824 311 888 oppletas
332 824 537 886 undique
555 827 674 878 vias,
699 837 1028 888 angustumque
1056 829 1279 873 tramitem
1300 843 1371 873 re-

103 902 265 950 lictum
296 901 383 948 tibi
395 919 409 956 ;
443 901 639 947 alacrem
676 902 779 948 hinc
813 916 951 965 atque
986 905 1091 949 inde
1122 904 1368 966 populum3

99 981 275 1043 ιὼίιῙιιε
309 994 398 1041 par
431 979 651 1040 gaudium
677 995 927 1042 paremque
960 979 1219 1027 clamorem.
1254 985 1368 1028 Tam

101 1059 291 1124 aequalis
310 1058 372 1103 ab
394 1058 607 1103 omnibus
630 1074 682 1103 ex
699 1059 897 1104 adventu
922 1071 999 1104 tuo
1021 1059 1172 1106 laetitia
1189 1076 1371 1123 percep-

99 1151 145 1185 ta
162 1150 237 1184 est
248 1171 262 1193 ‚
279 1151 424 1199 quam
437 1135 649 1181 omnibus
665 1138 824 1181 venisti
841 1152 852 1179 ε
874 1152 977 1198 quae
991 1148 1140 1181 tamen
1156 1139 1251 1199 ipsa
1264 1154 1370 1185 cum

98 1219 311 1280 ingressu
350 1226 430 1259 tuo
463 1215 631 1269 crevit,
663 1228 716 1258 ac
746 1228 888 1275 prope
919 1215 966 1258 in
989 1213 1185 1275 singulos
1205 1218 1370 1277 gradus

99 1296 303 1342 adaucta
322 1304 407 1338 est.

157 1375 333 1421 xxm.
361 1372 569 1415 Gan-uu
587 1383 685 1415 erat
701 1371 873 1415 cunctis
887 1403 901 1424 ‚
921 1369 1046 1431 quod
1068 1384 1271 1418 senatum
1298 1389 1373 1419 os-

97 1451 205 1498 culo
226 1449 461 1509 exciperes
476 1481 490 1502 ‚
510 1460 562 1493 ut
573 1447 783 1492 dimissus
797 1447 953 1492 osculo
972 1446 1147 1503 fueras3
1167 1466 1370 1510 gratum,

97 1530 233 1596 quod
252 1529 479 1591 equestris
501 1526 673 1572 ordinis
694 1526 860 1571 decora
878 1526 1049 1573 honore
1069 1531 1301 1575 nominum
1318 1533 1375 1576 si·

96 1627 156 1655 ne
170 1607 411 1654 monitore
426 1604 624 1663 signares
636 1619 650 1656 ;
663 1614 861 1663 gratum,
876 1603 1001 1665 quod
1015 1616 1188 1650 tantum
1205 1622 1294 1651 nou
1311 1607 1377 1652 ul·

93 1703 169 1735 tro
199 1682 453 1733 clientibus
480 1680 682 1727 salutatis
709 1681 928 1743 quasdam
960 1682 1275 1731 familiaritatis
1292 1702 1377 1731 no-

92 1781 163 1813 tas
178 1762 410 1811 adderes:
428 1761 597 1821 gratius
613 1771 779 1815 tamen,
795 1759 920 1820 quod
933 1763 1101 1806 sensim
1114 1774 1160 1806 et
1173 1761 1347 1821 placide
1357 1795 1371 1816 ,

93 1860 144 1894 eg
162 1851 407 1908 quantum
440 1840 789 1899 respectandum
810 1837 945 1883 turba
970 1851 1226 1899 pateretur,
1255 1841 1378 1884 ince-

92 1927 268 1975 deren
293 1916 424 1981 quod
446 1916 779 1961 occursantium
801 1914 997 1976 populus
1024 1926 1068 1959 te
1096 1928 1304 1975 quoque,
1333 1927 1378 1960 te

92 2005 198 2049 imo
220 1997 425 2044 maxime
443 1991 643 2037 adstaret
660 2008 673 2045 ;
692 1991 816 2052 quod
829 1993 979 2052 primo
998 1992 1146 2035 statim
1166 1990 1239 2035 die
1261 1989 1377 2037 latus

95 2092 246 2128 mum
264 2071 477 2120 crederes
496 2068 726 2115 omnibus.
741 2071 899 2130 Neque
912 2070 1034 2113 enim
1048 2070 1236 2129 stipatus
1250 2068 1378 2114 satel-

94 2157 247 2205 litum
269 2163 442 2203 manu,
467 2145 547 2192 sed
565 2144 869 2192 circumfusus
891 2143 1094 2207 undique
1112 2159 1233 2192 nunc
1254 2160 1377 2193 sena-
