1650 2550
276 197 334 244 28
602 201 655 245 C.
695 200 939 245 PLmu
974 200 1202 245 EPIST.

275 304 454 338 senatus
476 305 555 340 aut
573 293 632 339 ad
650 296 794 341 otium
821 309 1078 347 summum,
1108 304 1185 338 aut
1212 291 1272 338 ad
1300 307 1546 341 summm-

272 368 398 415 nefas
415 383 675 426 vocaretur;
691 382 736 417 et
749 370 887 417 modo
897 368 1096 415 ludibrio
1110 405 1122 424 ‚
1143 369 1281 415 modo
1301 367 1450 415 dolori
1467 386 1544 416 re-

271 459 421 494 tentus
437 483 450 504 ,
474 464 723 511 numquam
738 440 855 495 seria
866 483 880 503 ,
895 449 1040 494 tristia
1054 462 1172 509 saepe
1185 448 1418 492 censeret?
1442 449 1539 493 Ea-

275 524 380 571 dem
402 525 519 572 mala
543 525 638 586 jam
651 538 879 573 senatores
890 560 905 581 ,
915 526 1012 586 jam
1029 527 1271 586 participes
1281 523 1509 570 malorum
1525 558 1542 581 ‚

274 600 440 648 multos
454 619 536 664 per
548 618 689 649 annos
698 603 895 649 vidimus
910 637 923 657 ,
934 601 1227 664 tulimusque:
1238 600 1406 662 quibus
1416 602 1549 664 inge-

274 681 349 725 nia
358 693 510 727 nostra
521 683 567 725 in
576 693 807 742 posterum
815 695 998 743 quoque
1008 679 1216 725 hebetata
1228 714 1241 733 ,
1252 677 1393 724 fracta
1406 712 1422 734 ‚
1434 694 1549 724 con-

276 769 373 805 tusa
389 770 508 805 sunt.
524 762 662 805 Breve
682 772 856 820 tempus
872 761 890 816 (
904 774 1011 803 nam
1030 768 1153 803 tanto
1173 755 1357 802 brevius
1372 771 1515 802 omne
1530 792 1547 815 ,

279 851 449 899 quanto
461 836 635 883 felicius
648 850 826 899 tempus
839 840 874 896 ),
887 852 980 899 quo
993 834 1104 881 libet
1117 836 1230 881 scire
1243 834 1356 897 quid
1367 837 1516 881 simus
1530 871 1548 891 ‚

278 913 391 960 libet
415 930 619 961 exercere
645 914 771 974 quod
796 930 968 959 sumus.
991 916 1096 973 Quo
1118 913 1284 972 justius
1315 925 1423 974 peto
1446 916 1554 974 pri-

281 1007 408 1037 mum
423 1026 436 1045 ‚
456 1003 508 1037 ut
521 994 663 1037 errori
682 993 863 1053 (siquis
877 1003 945 1036 est
963 992 1116 1047 error)
1133 988 1307 1036 tribuas
1325 992 1512 1036 veniam
1530 1009 1550 1047 ;

282 1066 446 1114 deinde
461 1068 681 1114 medearis
696 1070 879 1114 scientia
893 1080 971 1113 tua
985 1101 998 1123 ‚
1014 1067 1086 1112 cui
1102 1081 1279 1127 semper
1297 1065 1385 1111 fuit
1403 1082 1516 1113 cura
1535 1102 1552 1125 ‚

283 1147 346 1191 sic
358 1144 462 1206 jura
480 1144 662 1207 publica
683 1158 733 1191 ut
750 1147 923 1205 privata
936 1179 950 1200 ‚
965 1146 1027 1189 sic
1047 1145 1233 1206 antiqua
1251 1156 1305 1190 ut
1320 1148 1521 1191 recentia
1536 1181 1556 1202 ,

283 1227 347 1271 sic
362 1240 463 1270 rara
481 1237 532 1270 ut
545 1224 722 1270 assidua
745 1236 950 1270 tractare.
969 1226 1116 1286 Atque
1138 1237 1221 1283 ego
1239 1221 1439 1269 arbitror
1458 1223 1560 1271 illis

284 1305 419 1351 etiam
434 1338 447 1360 ,
462 1302 628 1365 quibus
643 1302 946 1363 plurimarum
959 1318 1113 1348 rerum
1127 1302 1311 1362 agitatio
1323 1300 1559 1364 frequens

285 1379 401 1425 nibil
426 1394 521 1425 esse
548 1381 751 1440 ignotum
776 1379 1061 1442 patiebatur,
1086 1394 1225 1439 genus
1252 1381 1524 1441 quaestionis
1544 1418 1561 1440 ‚

286 1458 412 1522 quod
428 1458 572 1505 affero
590 1458 649 1504 ad
667 1471 711 1506 te
723 1494 735 1514 ‚
756 1471 837 1506 aut
856 1474 950 1504 non
970 1460 1076 1504 satis
1099 1459 1258 1504 tritum
1271 1493 1285 1515 ,
1309 1472 1391 1506 aut
1410 1462 1564 1509 etiam

283 1539 568 1598 inexpertum
594 1537 746 1584 fuisse.
772 1540 869 1583 Hoc
895 1549 941 1583 et
966 1552 1049 1597 ego
1070 1537 1345 1593 excusatior,
1371 1540 1408 1584 si
1432 1538 1564 1588 forte

289 1630 391 1661 sum
413 1615 566 1677 lapsus
583 1650 597 1672 ,
625 1630 670 1662 et
696 1628 746 1662 tu
772 1613 951 1675 dignior
971 1613 1132 1670 laude,
1156 1616 1193 1659 si
1212 1627 1341 1676 potes
1363 1615 1416 1660 id
1437 1633 1571 1678 quo-

290 1710 380 1758 que
401 1693 586 1751 docere,
606 1693 732 1756 quod
754 1696 799 1738 in
821 1691 1016 1738 obscuro
1037 1704 1106 1738 est
1126 1708 1186 1737 an
1207 1691 1438 1738 didiceris.
1463 1697 1568 1742 ne-

288 1771 521 1819 ferebatur
538 1772 595 1818 de
609 1770 780 1818 libertis
797 1769 975 1816 Afranii
991 1772 1145 1817 Dextri
1166 1768 1362 1815 consulis
1374 1804 1389 1826 ,
1410 1773 1569 1820 incer·

288 1862 389 1896 tum
411 1865 493 1896 sua
523 1865 580 1896 an
609 1865 796 1895 suorum
825 1864 992 1905 manu,
1022 1848 1188 1894 scelere
1215 1864 1274 1893 an
1301 1846 1567 1908 obsequio,

286 1930 528 1992 perempti.
556 1931 649 1975 Hos
673 1927 789 1975 alius
811 1928 975 1988 (quisi'
1001 1943 1085 1989 ego
1106 1945 1117 1974 ε
1144 1926 1224 1973 sed
1251 1924 1366 1973 nihil
1387 1927 1569 1990 refert)

287 2020 393 2071 post
409 2008 703 2069 quaestionem
722 2005 944 2069 supplicio
963 2005 1221 2053 liberandos
1238 2040 1251 2062 ‚
1276 2003 1392 2051 alins
1411 2007 1460 2051 in
1486 2011 1570 2055 in-

290 2084 434 2130 sulam
454 2083 714 2145 relegandos
726 2118 740 2139 ‚
764 2083 880 2129 alius
899 2095 1044 2130 morte
1062 2083 1315 2146 puniendos
1332 2117 1347 2139 ,
1361 2083 1569 2134 arbitra.

289 2159 440 2207 batur.
465 2161 671 2220 Quarum
694 2163 1018 2207 sententiarum
1031 2172 1156 2208 tanta
1170 2159 1404 2207 diversitas
1428 2176 1537 2213 erat
1547 2199 1566 2223 ‚
