1650 2550
511 235 736 281 LIBER
769 239 829 282 X.
1219 237 1305 287 133

51 315 290 366 Romanam
304 324 620 384 impetraveris
633 360 647 383 ,
666 327 774 374 huic
792 344 977 392 quoque
990 333 1193 391 petitioni
1214 344 1305 378 tuae

52 410 205 456 negare
225 416 322 446 non
351 406 567 450 sustineo.
589 409 661 452 Tu
679 422 733 452 ex
759 424 853 469 qua
880 425 1017 455 nomo
1041 413 1121 466 sit,
1146 422 1305 456 uotum

53 475 153 520 mihi
186 476 337 526 facere
367 481 581 540 debebis,
614 498 666 531 ut
698 487 935 548 epistolam
967 489 1049 534 ubi
1080 488 1138 533 ad
1170 491 1305 533 Pom-

52 556 198 610 peium
208 555 435 617 Plantam,
447 562 710 622 praefectum
720 569 914 630 AEgypti,
924 569 1124 612 amicum
1132 582 1304 622 meum,

56 644 239 679 mittam.

53 780 237 803 m

627 792 1300 813 mmmm

566 905 616 954 X
628 903 678 953 X
691 907 714 956 1
728 908 788 956 V.

323 1053 640 1100 PLINIUS
676 1058 1039 1103 TRAJANO.

53 1196 121 1241 De
138 1199 306 1242 statuis
324 1196 586 1260 Principum
609 1201 653 1243 in
676 1202 963 1264 municipium
986 1199 1314 1264 transferendis.

106 1341 259 1399 Quum
295 1339 433 1384 divus
463 1350 594 1400 pater
628 1352 757 1395 tuus,
793 1343 1011 1397 Domine,
1045 1354 1089 1388 et
1116 1347 1317 1390 oratione

51 1415 365 1476 pulcherrima
388 1429 435 1462 et
457 1416 771 1463 honestissimo
794 1418 1000 1481 exemplo
1026 1435 1180 1467 omnes
1202 1425 1319 1467 cives

53 1495 107 1540 ul
124 1495 497 1541 munificentiam
516 1508 631 1541 esset
649 1496 911 1542 cohortatus
924 1533 935 1552 ‚
960 1501 1068 1559 petii
1088 1499 1147 1544 ab
1165 1515 1244 1555 eo,
1270 1513 1321 1546 ut

53 1586 223 1622 damas
255 1574 550 1633 Principum,
583 1591 696 1636 quas
726 1576 773 1620 in
805 1574 1062 1639 longinquis
1092 1580 1210 1639 agris
1242 1594 1324 1640 per

51 1652 203 1713 plures
235 1652 545 1697 successiones
572 1652 759 1698 traditas
784 1654 921 1710 mihi,
950 1658 1106 1715 quales
1136 1671 1325 1717 accepe-

53 1745 178 1784 ram,
225 1727 571 1782 custodiebam,
614 1732 896 1791 permitteret
931 1735 983 1778 in
1023 1735 1323 1792 municipium

54 1808 331 1861 transferre,
358 1805 534 1866 adjecta
562 1824 643 1852 sua
670 1820 832 1853 statua.
860 1811 1084 1872 Quodque
1111 1809 1186 1855 ille
1212 1811 1325 1855 mihi

53 1900 154 1931 cum
184 1881 462 1945 plenissimo
485 1886 742 1928 testimonio
770 1885 1043 1940 indulserat,
1067 1900 1150 1945 ego
1178 1887 1329 1931 statim

57 1960 389 2009 decurionibus
404 1962 670 2022 scripseram
684 1996 697 2017 ,
718 1974 769 2008 ut
786 1962 1073 2024 adsignarent
1087 1960 1233 2008 solum
1248 1997 1261 2018 ,
1280 1964 1328 2008 iu

61 2057 148 2102 quo
187 2038 423 2102 templum
457 2042 651 2100 pecunia
681 2056 783 2085 mea
818 2053 1093 2087 exstruerem
1125 2056 1136 2085 t
1183 2038 1246 2085 illi
1282 2043 1331 2087 in

63 2119 233 2164 honore
255 2120 412 2181 operis
436 2119 577 2179 ipsius
605 2118 870 2165 electionem
900 2117 987 2164 loci
1009 2118 1122 2163 mihi
1151 2118 1332 2165 obtule-

64 2208 180 2243 rant.
196 2196 286 2244 Sed
307 2198 517 2259 primum
538 2212 666 2254 mea,
687 2196 851 2243 deinde
874 2198 1016 2258 patris
1030 2198 1099 2241 tui
1117 2195 1334 2243 valetudi-
