<?xml version="1.0" encoding="UTF-8"?>
<!DOCTYPE html PUBLIC "-//W3C//DTD XHTML 1.0 Transitional//EN"
    "http://www.w3.org/TR/xhtml1/DTD/xhtml1-transitional.dtd">
<html xmlns="http://www.w3.org/1999/xhtml" xml:lang="en" lang="en">
 <head>
  <title>
</title>
<meta http-equiv="Content-Type" content="text/html;charset=utf-8" />
  <meta name='ocr-system' content='tesseract 3.04.00' />
  <meta name='ocr-capabilities' content='ocr_page ocr_carea ocr_par ocr_line ocrx_word'/>
</head>
<body>
  <div class='ocr_page' id='page_1' title='image "./cpliniicaeclili00rivigoog_0169.png"; bbox 0 0 1650 2550; ppageno 0'>
   <div class='ocr_carea' id='block_1_1' title="bbox 546 173 1327 235">
    <p class='ocr_par' dir='ltr' id='par_1_1' title="bbox 546 173 1327 235">
     <span class='ocr_line' id='line_1_1' title="bbox 546 173 1327 235; baseline -0.009 -13"><span class='ocrx_word' id='word_1_1' title='bbox 546 178 763 222; x_wconf 85' lang='lat' dir='ltr'><strong>LIBER</strong></span> <span class='ocrx_word' id='word_1_2' title='bbox 797 178 854 220; x_wconf 86' lang='lat' dir='ltr'>X.</span> <span class='ocrx_word' id='word_1_3' title='bbox 1229 173 1327 235; x_wconf 30' lang='lat'>⁴161</span> 
     </span>
    </p>
   </div>
   <div class='ocr_carea' id='block_1_2' title="bbox 758 331 1338 355">
    <p class='ocr_par' dir='ltr' id='par_1_2' title="bbox 758 331 1338 355">
     <span class='ocr_line' id='line_1_2' title="bbox 758 331 1338 355; baseline -0.01 0"><span class='ocrx_word' id='word_1_4' title='bbox 758 331 1338 355; x_wconf 60' lang='lat' dir='ltr'>mmmmm</span> 
     </span>
    </p>
   </div>
   <div class='ocr_carea' id='block_1_3' title="bbox 567 337 757 356">
    <p class='ocr_par' dir='ltr' id='par_1_3' title="bbox 567 337 757 356">
     <span class='ocr_line' id='line_1_3' title="bbox 567 337 757 356; baseline 0 2194"><span class='ocrx_word' id='word_1_5' title='bbox 567 337 757 356; x_wconf 95' lang='lat' dir='ltr'> </span> 
     </span>
    </p>
   </div>
   <div class='ocr_carea' id='block_1_4' title="bbox 115 338 566 359">
    <p class='ocr_par' dir='ltr' id='par_1_4' title="bbox 115 338 566 359">
     <span class='ocr_line' id='line_1_4' title="bbox 115 338 566 359; baseline -0.002 -2"><span class='ocrx_word' id='word_1_6' title='bbox 115 338 566 359; x_wconf 64' lang='lat' dir='ltr'>mmmm</span> 
     </span>
    </p>
   </div>
   <div class='ocr_carea' id='block_1_5' title="bbox 107 458 1335 810">
    <p class='ocr_par' dir='ltr' id='par_1_5' title="bbox 107 458 1335 810">
     <span class='ocr_line' id='line_1_5' title="bbox 641 458 770 507; baseline -0.008 0"><span class='ocrx_word' id='word_1_7' title='bbox 641 458 717 507; x_wconf 91' lang='lat' dir='ltr'>Ll</span> <span class='ocrx_word' id='word_1_8' title='bbox 733 459 770 507; x_wconf 91' lang='grc' dir='ltr'>Ι.</span> 
     </span>
     <span class='ocr_line' id='line_1_6' title="bbox 357 606 1060 654; baseline -0.007 0"><span class='ocrx_word' id='word_1_9' title='bbox 357 609 664 654; x_wconf 78' lang='lat' dir='ltr'>PLINIUS</span> <span class='ocrx_word' id='word_1_10' title='bbox 699 606 1060 651; x_wconf 80' lang='lat' dir='ltr'><strong>TRAJANO.</strong></span> 
     </span>
     <span class='ocr_line' id='line_1_7' title="bbox 107 742 1335 810; baseline -0.008 -14"><span class='ocrx_word' id='word_1_11' title='bbox 107 754 172 797; x_wconf 82' lang='lat' dir='ltr'>De</span> <span class='ocrx_word' id='word_1_12' title='bbox 200 752 495 798; x_wconf 74' lang='lat' dir='ltr'>abscindendis</span> <span class='ocrx_word' id='word_1_13' title='bbox 528 750 844 809; x_wconf 79' lang='lat' dir='ltr'><strong><em>Byzantiorum</em></strong></span> <span class='ocrx_word' id='word_1_14' title='bbox 875 746 1100 810; x_wconf 58' lang='lat' dir='ltr'>impenditis</span> <span class='ocrx_word' id='word_1_15' title='bbox 1131 742 1335 788; x_wconf 76' lang='lat' dir='ltr'><strong><em>consulit.</em></strong></span> 
     </span>
    </p>
   </div>
   <div class='ocr_carea' id='block_1_6' title="bbox 96 871 1427 1956">
    <p class='ocr_par' dir='ltr' id='par_1_6' title="bbox 96 871 1427 1956">
     <span class='ocr_line' id='line_1_8' title="bbox 161 871 1427 956; baseline -0.008 -16"><span class='ocrx_word' id='word_1_16' title='bbox 161 897 442 951; x_wconf 67' lang='lat' dir='ltr'>Rmumnnn</span> <span class='ocrx_word' id='word_1_17' title='bbox 452 892 561 938; x_wconf 82' lang='lat' dir='ltr'>mihi</span> <span class='ocrx_word' id='word_1_18' title='bbox 572 892 889 956; x_wconf 63' lang='lat' dir='ltr'>byzantiorum</span> <span class='ocrx_word' id='word_1_19' title='bbox 900 886 1156 950; x_wconf 80' lang='lat' dir='ltr'>reipublicae</span> <span class='ocrx_word' id='word_1_20' title='bbox 1171 889 1343 949; x_wconf 85' lang='lat' dir='ltr'>impen-</span> <span class='ocrx_word' id='word_1_21' title='bbox 1421 871 1427 875; x_wconf 44' lang='grc'>’</span> 
     </span>
     <span class='ocr_line' id='line_1_9' title="bbox 106 966 1339 1033; baseline -0.007 -16"><span class='ocrx_word' id='word_1_22' title='bbox 106 972 195 1026; x_wconf 77' lang='lat' dir='ltr'>dia,</span> <span class='ocrx_word' id='word_1_23' title='bbox 222 988 320 1033; x_wconf 81' lang='lat' dir='ltr'>quae</span> <span class='ocrx_word' id='word_1_24' title='bbox 343 971 536 1015; x_wconf 84' lang='lat' dir='ltr'>maxima</span> <span class='ocrx_word' id='word_1_25' title='bbox 562 968 668 1014; x_wconf 81' lang='lat' dir='ltr'>fecit</span> <span class='ocrx_word' id='word_1_26' title='bbox 684 1002 697 1021; x_wconf 90' lang='lat'>‚</span> <span class='ocrx_word' id='word_1_27' title='bbox 722 967 970 1011; x_wconf 77' lang='lat' dir='ltr'>indicatum</span> <span class='ocrx_word' id='word_1_28' title='bbox 1002 977 1092 1019; x_wconf 88' lang='lat' dir='ltr'><strong>est,</strong></span> <span class='ocrx_word' id='word_1_29' title='bbox 1120 966 1339 1019; x_wconf 83' lang='lat' dir='ltr'>Domine,</span> 
     </span>
     <span class='ocr_line' id='line_1_10' title="bbox 102 1042 1344 1112; baseline -0.007 -17"><span class='ocrx_word' id='word_1_30' title='bbox 102 1047 286 1112; x_wconf 75' lang='lat' dir='ltr'>legatum</span> <span class='ocrx_word' id='word_1_31' title='bbox 302 1049 359 1094; x_wconf 83' lang='lat' dir='ltr'>ad</span> <span class='ocrx_word' id='word_1_32' title='bbox 379 1061 423 1094; x_wconf 82' lang='lat' dir='ltr'>te</span> <span class='ocrx_word' id='word_1_33' title='bbox 442 1046 732 1094; x_wconf 75' lang='lat' dir='ltr'>salutandum</span> <span class='ocrx_word' id='word_1_34' title='bbox 751 1046 880 1089; x_wconf 78' lang='lat' dir='ltr'>annis</span> <span class='ocrx_word' id='word_1_35' title='bbox 899 1042 1108 1088; x_wconf 86' lang='lat' dir='ltr'>omuibus</span> <span class='ocrx_word' id='word_1_36' title='bbox 1122 1058 1226 1087; x_wconf 85' lang='lat' dir='ltr'>cum</span> <span class='ocrx_word' id='word_1_37' title='bbox 1241 1057 1344 1102; x_wconf 78' lang='lat' dir='ltr'>pse-</span> 
     </span>
     <span class='ocr_line' id='line_1_11' title="bbox 104 1119 1344 1186; baseline -0.006 -15"><span class='ocrx_word' id='word_1_38' title='bbox 104 1126 316 1186; x_wconf 77' lang='lat' dir='ltr'>phismate</span> <span class='ocrx_word' id='word_1_39' title='bbox 329 1128 393 1184; x_wconf 90' lang='lat'>(1)</span> <span class='ocrx_word' id='word_1_40' title='bbox 408 1127 525 1171; x_wconf 78' lang='lat' dir='ltr'>mitti</span> <span class='ocrx_word' id='word_1_41' title='bbox 538 1159 552 1180; x_wconf 87' lang='lat'>‚</span> <span class='ocrx_word' id='word_1_42' title='bbox 568 1127 701 1185; x_wconf 86' lang='lat' dir='ltr'>eique</span> <span class='ocrx_word' id='word_1_43' title='bbox 714 1122 814 1167; x_wconf 82' lang='lat' dir='ltr'>dari</span> <span class='ocrx_word' id='word_1_44' title='bbox 827 1130 1119 1166; x_wconf 83' lang='lat' dir='ltr'>nummorum</span> <span class='ocrx_word' id='word_1_45' title='bbox 1134 1119 1344 1164; x_wconf 81' lang='lat' dir='ltr'>duodena</span> 
     </span>
     <span class='ocr_line' id='line_1_12' title="bbox 99 1198 1345 1264; baseline -0.009 -12"><span class='ocrx_word' id='word_1_46' title='bbox 99 1205 244 1251; x_wconf 78' lang='lat' dir='ltr'>millia.</span> <span class='ocrx_word' id='word_1_47' title='bbox 265 1207 443 1251; x_wconf 85' lang='lat' dir='ltr'>Memor</span> <span class='ocrx_word' id='word_1_48' title='bbox 465 1219 571 1264; x_wconf 73' lang='lat' dir='ltr'>ergo</span> <span class='ocrx_word' id='word_1_49' title='bbox 590 1203 809 1263; x_wconf 75' lang='lat' dir='ltr'>propositi</span> <span class='ocrx_word' id='word_1_50' title='bbox 828 1202 921 1253; x_wconf 83' lang='lat' dir='ltr'>tui,</span> <span class='ocrx_word' id='word_1_51' title='bbox 939 1200 1138 1258; x_wconf 78' lang='lat' dir='ltr'><strong>legatum</strong></span> <span class='ocrx_word' id='word_1_52' title='bbox 1158 1198 1345 1259; x_wconf 86' lang='lat' dir='ltr'>quidem</span> 
     </span>
     <span class='ocr_line' id='line_1_13' title="bbox 96 1275 1341 1343; baseline -0.008 -13"><span class='ocrx_word' id='word_1_53' title='bbox 96 1282 373 1329; x_wconf 77' lang='lat' dir='ltr'>retinendum</span> <span class='ocrx_word' id='word_1_54' title='bbox 391 1316 404 1336; x_wconf 92' lang='lat'>,</span> <span class='ocrx_word' id='word_1_55' title='bbox 419 1281 676 1343; x_wconf 80' lang='lat' dir='ltr'><strong>psephisma</strong></span> <span class='ocrx_word' id='word_1_56' title='bbox 693 1290 847 1324; x_wconf 83' lang='lat' dir='ltr'>autem</span> <span class='ocrx_word' id='word_1_57' title='bbox 867 1275 1134 1321; x_wconf 73' lang='lat' dir='ltr'>mittendum</span> <span class='ocrx_word' id='word_1_58' title='bbox 1155 1277 1341 1336; x_wconf 79' lang='lat' dir='ltr'>putavi,</span> 
     </span>
     <span class='ocr_line' id='line_1_14' title="bbox 99 1353 1344 1422; baseline -0.007 -14"><span class='ocrx_word' id='word_1_59' title='bbox 99 1375 147 1408; x_wconf 82' lang='lat' dir='ltr'><strong>m</strong></span> <span class='ocrx_word' id='word_1_60' title='bbox 165 1363 297 1407; x_wconf 81' lang='lat' dir='ltr'>simul</span> <span class='ocrx_word' id='word_1_61' title='bbox 320 1373 365 1407; x_wconf 79' lang='lat' dir='ltr'>et</span> <span class='ocrx_word' id='word_1_62' title='bbox 389 1372 597 1422; x_wconf 84' lang='lat' dir='ltr'><strong>sumptus</strong></span> <span class='ocrx_word' id='word_1_63' title='bbox 627 1357 879 1410; x_wconf 82' lang='lat' dir='ltr'><strong>levaretur,</strong></span> <span class='ocrx_word' id='word_1_64' title='bbox 901 1367 944 1399; x_wconf 84' lang='lat' dir='ltr'>et</span> <span class='ocrx_word' id='word_1_65' title='bbox 972 1353 1234 1414; x_wconf 77' lang='lat' dir='ltr'>impleretur</span> <span class='ocrx_word' id='word_1_66' title='bbox 1257 1370 1344 1414; x_wconf 87' lang='lat' dir='ltr'>pu-</span> 
     </span>
     <span class='ocr_line' id='line_1_15' title="bbox 97 1434 1346 1491; baseline -0.006 -10"><span class='ocrx_word' id='word_1_67' title='bbox 97 1435 256 1483; x_wconf 78' lang='lat' dir='ltr'>blicum</span> <span class='ocrx_word' id='word_1_68' title='bbox 272 1437 492 1483; x_wconf 83' lang='lat' dir='ltr'><strong>officium.</strong></span> <span class='ocrx_word' id='word_1_69' title='bbox 509 1435 666 1480; x_wconf 85' lang='lat' dir='ltr'><strong>Eidem</strong></span> <span class='ocrx_word' id='word_1_70' title='bbox 680 1434 848 1478; x_wconf 79' lang='lat' dir='ltr'>civitati</span> <span class='ocrx_word' id='word_1_71' title='bbox 864 1434 1084 1491; x_wconf 81' lang='lat' dir='ltr'>imputata</span> <span class='ocrx_word' id='word_1_72' title='bbox 1098 1443 1201 1477; x_wconf 79' lang='lat' dir='ltr'><strong>sunt</strong></span> <span class='ocrx_word' id='word_1_73' title='bbox 1219 1443 1346 1475; x_wconf 78' lang='lat' dir='ltr'><strong>terna</strong></span> 
     </span>
     <span class='ocr_line' id='line_1_16' title="bbox 99 1505 1345 1575; baseline -0.008 -15"><span class='ocrx_word' id='word_1_74' title='bbox 99 1514 254 1571; x_wconf 83' lang='lat' dir='ltr'>millia,</span> <span class='ocrx_word' id='word_1_75' title='bbox 279 1529 385 1575; x_wconf 82' lang='lat' dir='ltr'>quae</span> <span class='ocrx_word' id='word_1_76' title='bbox 406 1513 556 1556; x_wconf 76' lang='lat' dir='ltr'>viatici</span> <span class='ocrx_word' id='word_1_77' title='bbox 577 1510 761 1554; x_wconf 86' lang='lat' dir='ltr'>nomine</span> <span class='ocrx_word' id='word_1_78' title='bbox 779 1523 930 1553; x_wconf 86' lang='lat' dir='ltr'>annua</span> <span class='ocrx_word' id='word_1_79' title='bbox 953 1506 1179 1551; x_wconf 75' lang='lat' dir='ltr'><strong>dabantur</strong></span> <span class='ocrx_word' id='word_1_80' title='bbox 1199 1505 1345 1567; x_wconf 75' lang='lat' dir='ltr'><strong>legato</strong></span> 
     </span>
     <span class='ocr_line' id='line_1_17' title="bbox 99 1583 1346 1650; baseline -0.006 -14"><span class='ocrx_word' id='word_1_81' title='bbox 99 1596 213 1638; x_wconf 76' lang='lat' dir='ltr'>eunti</span> <span class='ocrx_word' id='word_1_82' title='bbox 232 1591 292 1636; x_wconf 76' lang='lat' dir='ltr'>ad</span> <span class='ocrx_word' id='word_1_83' title='bbox 311 1606 415 1636; x_wconf 87' lang='lat' dir='ltr'>eum</span> <span class='ocrx_word' id='word_1_84' title='bbox 428 1624 441 1644; x_wconf 94' lang='lat'>,</span> <span class='ocrx_word' id='word_1_85' title='bbox 463 1590 541 1650; x_wconf 88' lang='lat' dir='ltr'>qui</span> <span class='ocrx_word' id='word_1_86' title='bbox 557 1587 728 1632; x_wconf 75' lang='lat' dir='ltr'>Moesiae</span> <span class='ocrx_word' id='word_1_87' title='bbox 746 1596 908 1646; x_wconf 81' lang='lat' dir='ltr'><strong>praeest</strong></span> <span class='ocrx_word' id='word_1_88' title='bbox 922 1620 934 1640; x_wconf 92' lang='lat'>‚</span> <span class='ocrx_word' id='word_1_89' title='bbox 955 1583 1134 1644; x_wconf 82' lang='lat' dir='ltr'>publice</span> <span class='ocrx_word' id='word_1_90' title='bbox 1154 1583 1346 1629; x_wconf 83' lang='lat' dir='ltr'><strong>salutan-</strong></span> 
     </span>
     <span class='ocr_line' id='line_1_18' title="bbox 98 1661 1348 1727; baseline -0.009 -14"><span class='ocrx_word' id='word_1_91' title='bbox 98 1668 218 1715; x_wconf 87' lang='lat' dir='ltr'><strong>dum.</strong></span> <span class='ocrx_word' id='word_1_92' title='bbox 247 1672 354 1714; x_wconf 82' lang='lat' dir='ltr'>Haec</span> <span class='ocrx_word' id='word_1_93' title='bbox 376 1682 460 1727; x_wconf 79' lang='lat' dir='ltr'>ego</span> <span class='ocrx_word' id='word_1_94' title='bbox 488 1667 535 1710; x_wconf 89' lang='lat' dir='ltr'>in</span> <span class='ocrx_word' id='word_1_95' title='bbox 560 1676 793 1726; x_wconf 80' lang='lat' dir='ltr'><strong>posterum</strong></span> <span class='ocrx_word' id='word_1_96' title='bbox 816 1661 1176 1707; x_wconf 80' lang='lat' dir='ltr'>circumcidenda</span> <span class='ocrx_word' id='word_1_97' title='bbox 1199 1662 1348 1706; x_wconf 77' lang='lat' dir='ltr'>existi-</span> 
     </span>
     <span class='ocr_line' id='line_1_19' title="bbox 99 1739 1347 1803; baseline -0.01 -10"><span class='ocrx_word' id='word_1_98' title='bbox 99 1752 226 1793; x_wconf 78' lang='lat' dir='ltr'>mavi.</span> <span class='ocrx_word' id='word_1_99' title='bbox 242 1750 310 1793; x_wconf 80' lang='lat' dir='ltr'>Te</span> <span class='ocrx_word' id='word_1_100' title='bbox 322 1781 335 1800; x_wconf 90' lang='lat'>‚</span> <span class='ocrx_word' id='word_1_101' title='bbox 352 1745 546 1791; x_wconf 87' lang='lat' dir='ltr'>Domine</span> <span class='ocrx_word' id='word_1_102' title='bbox 558 1777 571 1797; x_wconf 92' lang='lat'>‚</span> <span class='ocrx_word' id='word_1_103' title='bbox 589 1757 696 1803; x_wconf 77' lang='lat' dir='ltr'>rogo</span> <span class='ocrx_word' id='word_1_104' title='bbox 709 1776 721 1796; x_wconf 92' lang='lat'>,</span> <span class='ocrx_word' id='word_1_105' title='bbox 742 1753 792 1787; x_wconf 85' lang='lat' dir='ltr'>ut</span> <span class='ocrx_word' id='word_1_106' title='bbox 805 1775 817 1795; x_wconf 92' lang='lat'>,</span> <span class='ocrx_word' id='word_1_107' title='bbox 840 1741 950 1802; x_wconf 84' lang='lat' dir='ltr'>quid</span> <span class='ocrx_word' id='word_1_108' title='bbox 970 1743 1131 1786; x_wconf 83' lang='lat' dir='ltr'>sentias</span> <span class='ocrx_word' id='word_1_109' title='bbox 1147 1773 1161 1793; x_wconf 94' lang='lat'><strong><em>,</em></strong></span> <span class='ocrx_word' id='word_1_110' title='bbox 1189 1739 1347 1783; x_wconf 79' lang='lat' dir='ltr'>rescri-</span> 
     </span>
     <span class='ocr_line' id='line_1_20' title="bbox 98 1816 1350 1878; baseline -0.01 -8"><span class='ocrx_word' id='word_1_111' title='bbox 98 1822 241 1869; x_wconf 80' lang='lat' dir='ltr'>hendo</span> <span class='ocrx_word' id='word_1_112' title='bbox 253 1858 267 1878; x_wconf 84' lang='lat'>,</span> <span class='ocrx_word' id='word_1_113' title='bbox 288 1833 369 1867; x_wconf 77' lang='lat' dir='ltr'>aut</span> <span class='ocrx_word' id='word_1_114' title='bbox 387 1819 628 1865; x_wconf 79' lang='lat' dir='ltr'>consilium</span> <span class='ocrx_word' id='word_1_115' title='bbox 651 1832 804 1862; x_wconf 85' lang='lat' dir='ltr'><strong>meum</strong></span> <span class='ocrx_word' id='word_1_116' title='bbox 823 1816 1113 1871; x_wconf 83' lang='lat' dir='ltr'><strong>confirmare,</strong></span> <span class='ocrx_word' id='word_1_117' title='bbox 1134 1826 1213 1859; x_wconf 85' lang='lat' dir='ltr'>aut</span> <span class='ocrx_word' id='word_1_118' title='bbox 1231 1827 1350 1858; x_wconf 84' lang='lat' dir='ltr'><strong>erro-</strong></span> 
     </span>
     <span class='ocr_line' id='line_1_21' title="bbox 98 1896 691 1956; baseline -0.013 -10"><span class='ocrx_word' id='word_1_119' title='bbox 98 1916 187 1946; x_wconf 70' lang='lat' dir='ltr'>rem</span> <span class='ocrx_word' id='word_1_120' title='bbox 205 1899 451 1945; x_wconf 82' lang='lat' dir='ltr'>emendare</span> <span class='ocrx_word' id='word_1_121' title='bbox 481 1896 691 1956; x_wconf 78' lang='lat' dir='ltr'>digneris.</span> 
     </span>
    </p>
   </div>
   <div class='ocr_carea' id='block_1_7' title="bbox 152 2030 1357 2098">
    <p class='ocr_par' dir='ltr' id='par_1_7' title="bbox 152 2030 1357 2098">
     <span class='ocr_line' id='line_1_22' title="bbox 152 2030 1357 2098; baseline -0.012 -15"><span class='ocrx_word' id='word_1_122' title='bbox 152 2038 212 2098; x_wconf 90' lang='lat'>(1)</span> <span class='ocrx_word' id='word_1_123' title='bbox 232 2041 489 2094; x_wconf 76' lang='lat' dir='ltr'>Psephisma,</span> <span class='ocrx_word' id='word_1_124' title='bbox 518 2035 560 2077; x_wconf 84' lang='lat' dir='ltr'>in</span> <span class='ocrx_word' id='word_1_125' title='bbox 579 2034 813 2091; x_wconf 80' lang='lat' dir='ltr'>provinciis,</span> <span class='ocrx_word' id='word_1_126' title='bbox 834 2031 942 2089; x_wconf 86' lang='lat' dir='ltr'><strong>quod</strong></span> <span class='ocrx_word' id='word_1_127' title='bbox 958 2033 1091 2074; x_wconf 74' lang='lat' dir='ltr'><strong>Romae</strong></span> <span class='ocrx_word' id='word_1_128' title='bbox 1106 2030 1357 2085; x_wconf 76' lang='lat' dir='ltr'>plebiscitum.</span> 
     </span>
    </p>
   </div>
  </div>
 </body>
</html>
