1650 2550
301 170 384 215 106
622 171 676 215 C.
715 170 962 216 PLINII
994 172 1225 218 EPIST.

289 262 530 308 ambulans
561 273 642 307 aut
660 263 813 322 jacens
832 279 843 308 ε
877 262 1015 309 dum
1049 266 1241 311 intentio
1253 299 1267 322 ,
1303 269 1575 317 mutatione

283 343 384 402 ipsa
396 339 591 386 refecta:
613 339 803 400 paulum
822 339 1053 387 redormio
1066 376 1081 397 ,
1099 341 1207 389 dein
1219 344 1412 393 ambulo
1423 381 1437 403 ,
1450 360 1568 394 mox

283 419 536 463 orationem
550 418 753 462 Graeeam
768 419 1037 464 Latinamve
1050 418 1171 465 clare
1185 432 1232 466 et
1248 422 1424 469 intente
1434 457 1447 479 ,
1464 440 1569 470 non

282 506 378 540 tam
391 497 513 540 vocis
534 509 696 549 eausa,
716 509 858 556 quam
876 493 1123 551 stomachi,
1143 495 1271 558 lego:
1294 502 1469 560 pariter
1490 515 1569 547 n.

281 587 387 618 men
409 584 455 618 et
471 571 548 618 ills
569 573 794 618 firmatur.
817 574 991 618 Iterum
1013 573 1225 631 ambulo,
1240 592 1410 637 ungor,
1437 596 1571 626 exer-

279 664 385 695 ceor
397 683 410 705 ,
424 648 565 695 lavor.
585 650 793 695 Coenanti
804 647 920 694 mihi
934 651 996 694 sic
1011 665 1116 695 cum
1132 667 1271 698 uxore
1280 654 1352 700 vel
1366 659 1535 717 paucis
1548 692 1564 712 ,

277 726 398 774 liber
414 727 607 790 legitur:
631 740 736 789 post
756 743 961 784 coenam,
985 729 1218 776 coma-dus
1239 744 1323 778 aut
1343 731 1563 796 lyristes:

280 820 386 850 mox
412 819 519 849 cum
541 806 653 850 meis
684 803 901 859 ambulo,
935 819 1134 866 quorum
1155 807 1204 850 in
1228 823 1427 856 numero
1454 826 1570 859 sunt

281 882 463 928 eruditi.
487 884 557 927 Ita
587 884 722 927 variis
745 881 1034 929 sermonibus
1060 898 1251 944 vespera
1279 889 1567 947 extenditur,

281 973 328 1007 et
340 974 622 1022 quamquam
639 959 926 1019 longissimus
941 959 1039 1006 dies
1051 995 1066 1017 ,
1081 963 1170 1007 cito
1184 963 1419 1012 conditur.
1441 970 1573 1014 Non·

283 1053 538 1100 numquam
561 1052 615 1083 ex
633 1035 721 1082 hoc
743 1036 904 1085 ordine
923 1036 1078 1100 aliqua
1102 1026 1358 1086 mntantur.
1383 1046 1512 1091 Nam
1533 1049 1572 1092 si

284 1114 370 1160 diu
374 1115 497 1175 jacui
512 1151 525 1171 ‚
547 1113 622 1160 vel
637 1113 870 1160 ambulavi
881 1148 895 1169 ‚
910 1127 1015 1176 post
1029 1129 1242 1161 somnum
1255 1116 1457 1167 demum
1472 1121 1573 1169 lee-

287 1195 548 1254 tionemque
560 1226 573 1246 ‚
593 1207 687 1237 non
699 1189 907 1237 vehiculo
918 1225 933 1246 ‚
951 1190 1032 1237 sed
1044 1225 1057 1246 ‚
1075 1193 1199 1254 quod
1214 1192 1406 1243 brevius
1420 1234 1437 1255 ,
1458 1203 1576 1264 quia

288 1269 485 1316 velocius
497 1306 511 1328 ,
531 1286 650 1332 equo
663 1281 828 1330 gestor.
849 1271 1159 1316 Interveniunt
1176 1272 1315 1319 amici
1334 1291 1393 1321 ex
1412 1282 1576 1341 proxi-

288 1351 375 1394 mis
398 1347 602 1410 oppidis,
625 1358 896 1409 partemque
914 1347 1006 1393 diei
1025 1348 1086 1393 ad
1108 1364 1154 1393 se
1172 1349 1394 1411 trahunt,
1416 1357 1574 1404 imer-

290 1426 494 1487 dumque
506 1425 670 1471 lassato
684 1424 1065 1486 mihiopportnna
1079 1426 1458 1488 interpellatione
1467 1436 1575 1482 suh-

291 1505 492 1549 veniunt.
519 1504 671 1546 Venor
690 1499 963 1563 aliquando,
987 1502 1067 1547 sed
1088 1517 1179 1547 non
1203 1505 1299 1549 sine
1322 1509 1576 1569 pugium-i.

290 1582 378 1627 bus
391 1615 404 1636 ‚
425 1594 500 1634 ut,
521 1581 728 1641 quamvis
745 1579 860 1624 nibil
872 1584 1097 1641 ceperim,
1111 1582 1321 1627 nonnihil
1342 1588 1570 1637 referam,

291 1663 438 1706 Datur
454 1669 499 1704 et
511 1656 679 1702 colonis
692 1690 706 1712 ,
726 1669 778 1703 ut
795 1657 977 1704 videtur
994 1660 1101 1719 ipsis
1112 1693 1125 1715 ,
1144 1674 1238 1703 non
1256 1665 1369 1708 satis
1391 1677 1572 1730 tempo-

291 1740 355 1783 ris
368 1771 382 1790 ‚
404 1750 603 1798 quorum
626 1733 737 1779 mihi
760 1747 958 1795 agrestes
975 1735 1171 1799 querelae
1188 1736 1366 1785 litteras
1383 1758 1570 1793 nostr„

294 1827 339 1861 et
360 1814 456 1861 haec
474 1814 651 1860 urbana
668 1828 805 1874 opera
831 1815 1164 1862 commendant.
1188 1815 1319 1863 Vale.
