1650 2550
236 192 296 249 48
564 193 616 239 c.
656 180 903 238 pmu'n
938 193 1169 241 mus-r.

232 288 375 333 tiores
393 285 726 339 arbitrabatur-3
753 286 854 332 baec
873 289 1103 350 precipua
1129 287 1363 345 eruditio,
1390 291 1542 353 qnod

236 366 408 412 discere
421 364 616 413 volebat.
638 369 824 427 Semper
845 365 923 412 ille
943 380 1023 414 aut
1040 366 1100 413 de
1122 367 1285 414 studiis
1302 367 1508 432 aliquid
1520 407 1538 428 ,

239 454 320 488 aut
340 441 397 488 de
416 441 575 488 officiis
597 444 700 489 vitoe
717 443 1007 490 consulebat:
1030 459 1209 505 semper
1233 447 1295 491 ita
1323 446 1542 493 recede-

239 520 346 573 bat,
376 532 427 566 ut
452 519 613 566 melior
637 519 784 566 factus
798 537 812 575 3
844 533 889 567 et
920 534 1018 567 erat
1046 521 1195 568 factus
1212 521 1287 569 vel
1303 538 1366 568 eo
1389 524 1540 586 quod

244 597 450 645 audierat
462 633 475 653 ‚
490 598 562 645 vel
574 598 698 659 quod
712 601 899 644 omnino
914 601 1170 662 quaesierat.
1187 600 1326 661 Quod
1342 600 1425 647 ille
1441 602 1540 649 ob-

245 679 454 739 sequium
471 679 684 722 Serviano
697 678 977 722 exactissimo
994 678 1094 722 viro
1113 678 1347 739 praestitit!
1374 695 1539 742 quem

245 754 445 816 legatum
479 753 688 800 tribunus
720 756 781 800 ita
809 765 856 799 et
878 752 1120 809 intellexit,
1144 766 1191 801 et
1213 757 1363 815 cepit,
1389 768 1447 804 ut
1473 774 1538 804 ex

249 834 489 878 Germania
510 833 554 875 iu
575 832 854 876 Pannoniam
875 841 1187 876 transeuntem
1206 845 1300 876 nou
1319 844 1376 877 nt
1397 848 1541 880 com·

250 907 396 955 milito
407 942 421 963 ‚
433 907 515 953 sed
532 920 584 953 ut
599 921 747 954 comes
761 919 1096 969 assectatorque
1110 920 1397 969 sequeretur.
1415 911 1539 969 Qua

249 985 498 1041 industria,
527 1001 620 1047 qua
648 983 868 1030 modestia
883 1018 896 1039 ‚
917 995 1116 1045 quaestor
1136 982 1404 1031 consulibus
1424 990 1540 1034 suis

255 1064 328 1122 (et
348 1059 500 1122 plures
521 1060 708 1119 habuit)
734 1075 823 1104 non
848 1061 998 1105 minus
1016 1059 1248 1120 jucundus
1262 1073 1309 1107 et
1328 1073 1502 1121 gratus
1515 1099 1535 1121 ,

251 1155 393 1203 quam
407 1139 528 1187 utilis
541 1139 651 1186 fnit!
669 1140 772 1198 Quo
786 1138 1014 1193 discursu,
1027 1153 1122 1200 qua
1134 1137 1388 1199 vigilantia,
1402 1139 1540 1189 hane

250 1219 397 1280 ipsam
417 1217 699 1269 militatem,
722 1216 798 1260 cui
815 1227 1066 1276 praereptus
1084 1227 1177 1271 est,
1200 1216 1356 1277 petiit!
1383 1218 1539 1277 Quod

253 1295 328 1342 vel
345 1298 538 1342 maxime
551 1293 755 1341 dolorem
769 1308 924 1339 meum
941 1291 1184 1340 exulcerat.
1205 1292 1542 1343 Obversantur

256 1376 367 1421 cassi
390 1371 534 1419 oculis
556 1372 756 1426 labores,
780 1384 827 1418 et
848 1361 1139 1417 infructuosae
1160 1386 1343 1433 preces,
1366 1384 1416 1419 et
1436 1372 1536 1420 ho-

256 1468 344 1498 nor
363 1467 502 1513 quem
534 1450 700 1496 meruit
731 1462 926 1496 tantum.
959 1448 1092 1494 Redit
1118 1451 1272 1495 animo
1298 1449 1377 1496 ille
1404 1450 1537 1500 latus

259 1530 439 1584 clavus,
467 1530 515 1573 iu
544 1526 783 1588 penatibus
813 1528 927 1573 meis
953 1539 1186 1587 sumptus;
1218 1527 1420 1575 redeunt
1448 1529 1540 1577 ill.

260 1610 411 1670 prima
423 1640 436 1661 ,
456 1604 534 1651 illa
556 1616 783 1666 postrema
802 1603 1017 1666 suffragia
1037 1620 1140 1651 mea
1152 1639 1166 1660 ,
1179 1605 1247 1652 illi
1265 1621 1539 1667 sermones,

261 1684 351 1731 illae
363 1682 726 1730 consultationes.
748 1681 934 1728 Afficior
949 1681 1251 1729 adolescentia
1269 1684 1417 1744 ipsius
1430 1719 1445 1741 ,
1466 1684 1538 1731 af-

260 1763 388 1810 ficior
416 1759 797 1820 necessitudinum
826 1775 952 1806 casu.
980 1761 1091 1806 Erat
1116 1757 1181 1804 illi
1204 1760 1389 1822 grandis
1413 1775 1539 1811 natu

264 1854 454 1902 parens;
476 1850 575 1885 erat
596 1852 733 1891 uxor,
749 1853 888 1898 quam
906 1849 1010 1884 ante
1028 1852 1199 1883 annum
1217 1840 1444 1899 virginem
1463 1856 1544 1888 ao-

266 1928 472 1979 ceperat;
487 1929 586 1963 erat
602 1914 718 1969 iilia,
738 1929 878 1976 quam
889 1913 1029 1977 paulo
1040 1926 1144 1961 ante
1163 1913 1427 1962 sustulerat.
1444 1920 1542 1967 Tot

268 2010 372 2057 spes
382 2029 396 2049 ‚
409 2006 478 2040 tot
488 1993 653 2054 gaudia
666 1992 762 2038 dies
776 2007 894 2038 unus
915 1994 960 2037 in
972 1991 1161 2037 adversa
1178 1995 1417 2042 convertit.
1434 1996 1543 2042 Μο-

270 2072 332 2118 do
352 2072 608 2132 designatus
622 2069 763 2117 odilis
776 2103 790 2126 ‚
806 2085 961 2116 recens
974 2072 1163 2116 maritus
1174 2103 1188 2125 ,
1204 2086 1360 2116 recens
1373 2086 1539 2134 pater,

273 2150 493 2195 inustum
509 2147 755 2204 honorem,
781 2147 942 2193 orbam
963 2159 1182 2205 matrem,
1203 2147 1395 2197 viduam
1413 2167 1544 2201 nso-
