1650 2550
441 213 447 218 ’
522 225 744 271 LIBER
778 227 836 272 X.
1227 240 1313 286 ¹99

76 377 626 407 mmm
629 388 819 407 mm
1015 388 1299 408 mm

590 512 640 560 X
654 513 695 563 C
710 513 772 563 V.

261 718 265 721 .
330 657 632 704 PLINIUS
668 660 1029 706 TRAJANO.

119 795 213 839 Ius
226 797 347 841 crium
365 797 604 844 liberorum
619 800 831 846 Suetonio
849 798 1110 865 Tranquillo
1119 803 1241 864 petit.
1256 777 1260 782 «

114 941 382 987 Sumommu
404 942 748 1005 Tranquillum,
770 944 1096 1006 probissimum
1109 979 1122 1000 ‚
1141 943 1306 989 hones-

56 1015 295 1073 tissimum,
318 1020 675 1066 eruditissimum
695 1023 844 1067 virum
857 1057 870 1078 ‚
894 1035 940 1068 et
957 1038 1105 1068 mores
1123 1023 1219 1083 ejus
1240 1038 1304 1069 se-

58 1108 215 1155 quutus
236 1110 281 1145 et
297 1099 468 1154 studia,
495 1100 771 1162 jampridem
786 1137 798 1158 ,
827 1103 1046 1156 Domine,
1071 1102 1119 1148 in
1143 1115 1304 1148 contu-

3 1190 8 1206 *
55 1171 253 1222 bernium
275 1180 520 1239 assumpsi;
551 1166 767 1241 tantoque
786 1181 929 1239 magis
956 1177 1141 1240 diligere
1159 1183 1300 1242 coepi,

54 1266 215 1313 quanto
232 1255 352 1311 hune
373 1258 563 1319 propius
583 1258 768 1319 inspexi.
790 1258 909 1303 Huic
927 1256 1003 1317 jus
1025 1259 1163 1303 trium
1185 1257 1301 1304 libe-

3 1335 4 1338 ’
56 1347 199 1381 rorum
221 1340 522 1382 necessarium
544 1335 716 1382 faciunt
735 1336 838 1383 duae
860 1351 1028 1381 causae:
1050 1352 1154 1381 nam
1170 1348 1215 1382 et
1229 1338 1302 1397 ju-

3 1411 6 1432 ³
54 1408 157 1458 dicia
177 1416 427 1459 amicorum
448 1426 760 1475 promeretur,
785 1425 829 1460 et
847 1428 1009 1475 parum
1028 1412 1132 1460 felix
1150 1415 1303 1461 matri·

3 1491 4 1498 ’
56 1493 243 1537 monium
261 1503 472 1553 expertus
491 1503 581 1547 est;
606 1491 1033 1554 impetrandumque
1052 1508 1078 1537 a
1096 1492 1298 1538 bonitate

52 1575 118 1612 tua
147 1584 228 1630 per
255 1584 341 1614 nos
372 1568 537 1623 habet,
570 1568 695 1629 quod
728 1567 795 1613 illi
823 1567 1015 1614 fortunae
1046 1569 1298 1630 malignitas

49 1640 287 1708 denegavit.
310 1647 411 1692 Scio
422 1680 435 1701 ,
451 1648 645 1690 Domine
658 1680 670 1701 ,
692 1657 914 1707 quantum
934 1646 1203 1693 beneficium
1223 1661 1298 1708 pe-

3 1725 6 1730 ‘
50 1731 142 1769 tam.
176 1725 264 1771 Sed
299 1735 407 1786 peto
442 1738 469 1768 a
491 1735 561 1778 te,
595 1724 722 1783 cujus
749 1724 797 1768 in
823 1724 1035 1770 omnihus
1061 1723 1297 1770 desideriis
1318 1744 1321 1746 ’

48 1803 143 1845 meis
159 1802 471 1863 plenissimam
490 1799 814 1860 indulgentiam
834 1803 1053 1862 experior.
1075 1803 1206 1846 Potes
1219 1814 1299 1843 au-

1 1889 9 1904 *
52 1888 127 1924 tem
142 1879 353 1942 colligere
366 1914 379 1935 ,
401 1891 571 1942 quanto
585 1893 720 1940 opere
735 1880 942 1940 cupiam,
962 1877 1087 1942 quod
1105 1892 1196 1923 non
1218 1891 1297 1922 ro-

50 1968 182 2013 garem
203 1958 370 2004 absens
382 1992 397 2014 ‚
421 1957 460 2001 si
479 1954 765 2002 mediocriter
783 1970 1016 2018 cuperem.
