1650 2550
368 185 718 232 TRAJANO
752 181 1051 233 DICTUS.
1261 190 1348 235 233

75 277 237 341 primit
249 294 264 333 ;
281 279 611 324 intercessurus
623 280 760 324 etiam
772 277 969 341 publicis
982 313 995 335 ,
1016 280 1054 324 si
1071 282 1352 342 permitteret

78 356 166 404 sibi
183 368 368 411 vetare,
389 355 517 417 quod
529 367 710 403 senatus
718 357 916 418 juberet.
939 358 1228 420 Utrumque,
1254 363 1353 408 (ἕρ.

81 451 156 482 sar
183 439 418 497 Auguste,
444 433 704 490 moderate,
727 446 774 481 et
793 435 920 496 qnod
946 435 1058 482 alibi
1083 436 1168 483 tibi
1189 441 1354 499 gratias

84 517 158 576 agi
178 530 275 559 non
291 515 402 559 sinis
413 547 427 570 ,
442 526 489 560 et
501 512 627 576 quod
647 513 723 560 hic
740 516 868 560 sinis.
889 517 991 560 Non
1006 517 1130 561 enim
1146 532 1175 562 a
1188 530 1233 563 te
1251 519 1353 579 ipso

81 592 169 639 tibi
192 592 346 637 honor
370 592 481 647 iste,
509 590 593 637 sed
622 590 682 636 ab
709 591 945 652 agentibus
971 592 1183 639 habetur.
1218 595 1354 641 Cedis
1421 607 1426 612 ’

84 668 334 716 affectibus
346 670 538 723 nostris3
554 683 636 714 nec
648 668 780 714 nobis
792 685 986 716 munera
996 682 1078 716 tua
1091 670 1339 732 praedicam
1347 708 1360 730 ‚

85 749 168 796 sed
187 748 356 795 audire
382 747 469 794 tibi
485 763 666 794 necesse
682 761 765 794 est.
786 752 913 811 Saepe
937 765 1022 810 ego
1039 766 1220 796 mecum
1233 786 1247 807 ,
1270 754 1358 798 Pa-

85 841 177 875 tres
186 828 454 889 conscripti,
471 829 635 873 tacitns
647 828 829 887 agitavi,
841 827 1026 889 qualem
1039 841 1358 892 quantumque

85 921 182 952 esse
241 914 478 965 oporteret
491 937 506 957 ,
553 902 682 963 cujus
719 903 891 949 ditione
930 916 1137 967 nutuque
1177 908 1323 953 maria
1338 942 1354 963 ,

84 993 222 1030 ten-n
233 1017 247 1038 ,
262 996 373 1044 pax,
389 979 511 1026 bella
523 992 807 1041 regerentur:
824 996 971 1043 quum
988 982 1159 1028 interea
1172 984 1358 1046 fingenti

84 1059 400 1120 formantique
414 1055 529 1102 mihi
543 1058 815 1118 principem,
832 1073 970 1118 quem
986 1071 1161 1119 aequata
1176 1060 1262 1122 diis
1277 1066 1358 1108 im·

82 1135 360 1184 mortalibus
373 1145 571 1197 potestas
584 1134 764 1180 deceret
775 1168 788 1190 ,
807 1150 1060 1195 numquam
1073 1148 1180 1183 voto
1198 1138 1358 1186 saltem

83 1217 329 1278 concipere
357 1213 580 1258 succurrit
607 1211 800 1257 similem
824 1211 932 1255 huic
964 1227 1101 1272 quem
1132 1214 1355 1263 videmus.

85 1295 264 1340 Enituit
278 1291 447 1353 aliquis
461 1292 508 1334 in
517 1286 639 1335 bello
650 1323 664 1344 ,
681 1287 759 1334 sed
773 1286 995 1334 obsolevit
1007 1290 1053 1333 in
1065 1304 1198 1351 pace:
1216 1293 1360 1341 alium

84 1382 218 1430 toga,
254 1367 338 1413 sed
367 1381 460 1412 non
482 1376 528 1411 et
553 1380 680 1410 arma
705 1364 1029 1411 honestarunt:
1059 1373 1360 1417 reverentiam

86 1446 165 1494 ine
183 1460 362 1494 terrore
375 1478 388 1497 ‚
409 1444 525 1490 alius
543 1458 745 1489 amorem
765 1442 1020 1489 humilitate
1037 1450 1260 1507 captavit:
1283 1449 1360 1496 ille

88 1525 335 1587 quasitam
357 1521 484 1567 domi
501 1519 692 1580 gloriam
711 1523 760 1565 in
782 1520 967 1582 publico
980 1556 993 1578 ,
1016 1523 1090 1569 hic
1107 1528 1155 1569 in
1175 1527 1363 1587 publico

85 1616 270 1666 partam
294 1602 424 1647 domi
440 1600 639 1662 perdidit
651 1617 666 1645 .-
679 1612 910 1661 postremo
922 1602 1071 1649 adhuc
1083 1616 1219 1650 nemo
1229 1609 1366 1653 exsti-

83 1685 167 1737 tit,
187 1681 322 1741 cnjus
340 1680 531 1724 virtutes
552 1676 678 1723 nullo
699 1679 915 1723 vitiorum
934 1681 1128 1726 confinio
1142 1681 1362 1729 laederen-

82 1772 178 1805 mr.
195 1763 257 1806 At
273 1757 476 1820 principi
494 1767 650 1801 nostro
666 1767 837 1817 quanta
854 1758 1095 1804 concordia
1108 1792 1122 1812 ,
1141 1772 1364 1820 quantus-

84 1851 181 1900 qne
201 1845 454 1882 concentus
479 1833 687 1878 omnium
711 1831 928 1888 laudum,
946 1836 1185 1896 omnisque
1211 1836 1367 1895 glorie

89 1913 308 1976 contigit!
322 1924 378 1959 ut
388 1909 503 1957 nihil
513 1912 737 1956 severitati
749 1911 848 1971 ejus
859 1910 1087 1957 hilaritate
1103 1945 1116 1966 ,
1132 1911 1247 1957 nihil
1260 1928 1366 1973 gra-

93 1995 229 2040 vitati
250 1989 541 2053 simplicitate
563 2023 578 2043 ,
605 1987 720 2034 nihil
744 1989 969 2049 majestati
985 1988 1267 2037 humanitate
1291 1992 1366 2038 de-

96 2071 324 2119 trahitur!
361 2072 465 2115 Jam
492 2068 680 2115 firmitas
696 2103 710 2124 ,
737 2069 835 2128 jam
854 2071 1102 2129 proceritas
1128 2072 1331 2131 corporis
1347 2106 1361 2127 ,

94 2150 193 2209 §am
213 2149 369 2196 honor
384 2147 570 2209 ospitis,
593 2157 639 2193 et
653 2145 849 2207 dignitas
870 2148 985 2200 oris;
1009 2146 1068 2191 ad
1089 2145 1203 2204 hoc,
1224 2151 1364 2195 aetatis

226 2239 243 2270 1
254 2241 288 2273 t.
1188 2224 1242 2267 16
