1650 2550
374 187 726 232 TRAJANO
762 187 1065 232 DICTUS.
1270 187 1355 235 235

83 279 360 326 servandum
384 279 559 325 fuisset.
593 280 745 339 Quare
771 292 855 340 ego
892 277 1022 324 illum
1049 281 1202 342 ipsum
1234 279 1358 326 furo-

79 374 174 403 rem
206 370 480 419 motumque
505 357 789 418 {castrensem
824 372 932 403 reor
968 359 1213 413 exstitisse,
1245 361 1355 421 quia

81 450 247 496 magna
265 437 316 480 vi
333 450 592 496 magnoque
611 448 780 481 terrore
803 434 1025 480 modestia
1040 447 1119 486 tua
1137 436 1358 481 vincenda

78 526 191 558 erat.
222 516 286 559 Ac
314 514 431 558 sicut
466 515 603 558 maris
637 513 828 574 coelique
857 515 1125 574 temperiem
1155 513 1359 560 turbines

82 602 466 654 tempestatesque
500 591 845 645 commendant3
880 594 967 647 ita,
1007 591 1067 636 ad
1103 590 1358 651 augendam

80 673 208 731 pacis
250 683 342 715 tuae
375 671 570 731 gratiam
586 704 599 725 ,
632 668 760 714 illum
797 668 1048 715 tumultum
1083 672 1359 731 praecessisse

80 748 374 795 crediderim.
391 748 540 794 Habet
553 750 633 794 has
647 751 766 794 vices
779 748 982 793 conditio
1001 748 1266 794 mortalium
1280 782 1293 804 ,
1308 760 1360 794 ut

81 827 275 872 adversa
285 826 558 872 exsecundis
572 860 585 882 ,
602 825 653 872 ei
668 826 868 872 adversis
884 826 1081 872 secunda
1095 840 1356 874 noscantur.

83 900 296 950 occultat
324 915 624 963 utrorumque
648 904 819 948 semina
842 905 991 959 Deus,
1024 917 1070 950 et
1090 903 1362 967 plerumque

80 963 316 1028 bonorum
355 980 673 1043 malorumque
704 997 852 1027 causae
887 981 973 1026 sub
1005 982 1183 1028 diversa
1213 986 1361 1045 specie

81 1059 244 1107 latent.

146 1142 237 1185 Vl.
260 1140 483 1185 MAGNUM
503 1138 690 1201 quidem
714 1137 831 1183 illud
850 1136 1000 1183 seculo
1019 1137 1215 1185 dedecus
1228 1174 1242 1196 ‚
1261 1157 1361 1186 ma-

82 1232 229 1279 gnum
254 1213 520 1276 reipublicae
549 1213 713 1260 vulnus
741 1217 1011 1276 impressum
1037 1226 1119 1261 est.
1152 1216 1354 1279 Impera-

85 1308 174 1353 tor,
211 1307 258 1341 et
290 1308 457 1354 parens
488 1295 661 1354 generis
682 1292 873 1338 humani
902 1293 1136 1350 obsessus,
1173 1309 1357 1357 captus,

85 1374 318 1421 inclusus:
340 1370 491 1417 ablata
507 1374 745 1418 mitissimo
764 1374 858 1418 seni
879 1372 1201 1419 servandorum
1217 1374 1361 1420 homi·

85 1469 201 1498 num
232 1463 435 1514 potestas
452 1467 465 1505 3
486 1462 788 1512 ereptumque
810 1452 1002 1513 principi
1032 1450 1143 1497 illud
1165 1456 1210 1498 in
1233 1456 1362 1515 prin-

86 1532 246 1592 cipatu
268 1528 584 1574 beatissimum
597 1563 611 1584 ,
638 1526 765 1589 quod
786 1526 902 1573 nihil
922 1531 1117 1589 cogitur.
1141 1532 1190 1577 Si,
1208 1541 1360 1575 tamen

90 1607 187 1654 haec
210 1606 312 1653 sola
340 1617 438 1651 erat
457 1607 573 1650 ratio
586 1639 599 1660 ,
620 1621 721 1666 quae
744 1617 787 1651 te
806 1604 1000 1666 publicae
1028 1608 1182 1653 salutis
1196 1607 1363 1670 guber-

87 1683 264 1731 naculis
292 1682 586 1736 admoveret,
614 1698 758 1744 prope
786 1695 855 1729 est
881 1695 931 1729 ut
952 1684 1223 1740 exclamem,
1249 1686 1363 1730 tanti

88 1762 249 1808 fuisse.
285 1762 517 1821 Corrupta
548 1772 616 1805 est
647 1759 884 1821 disciplina
920 1773 1196 1817 castrorum,
1230 1773 1282 1807 ut
1312 1773 1363 1806 tu

89 1850 322 1884 corrector
332 1835 523 1881 emenda
528 1848 688 1898 torque
698 1839 977 1897 contingeres
990 1853 1000 1881 :
1014 1836 1253 1881 inductum
1267 1851 1365 1897 pes-

91 1919 263 1962 simum
286 1912 572 1974 exemplum,
595 1927 644 1960 ut
661 1917 887 1975 optimum
904 1926 1210 1976 opponeretur
1229 1930 1239 1958 ε
1265 1929 1366 1975 pos-

92 2008 244 2041 tremo
266 2005 452 2038 coactus
473 1993 710 2054 princeps,
724 2008 839 2055 quos
848 1993 1032 2039 nolebat
1045 1992 1274 2045 ,occidere
1286 2027 1301 2048 ,
1318 2006 1371 2041 ut

93 2074 226 2120 daret
247 2074 507 2135 principem
529 2075 608 2134 qui
631 2073 729 2135 cogi
748 2088 842 2118 non
859 2083 1024 2133 posset.
1049 2070 1171 2117 Olim
1194 2083 1242 2117 tu
1263 2074 1368 2133 qui-

97 2152 203 2199 dem
220 2152 431 2213 adoptari
443 2151 698 2197 merebare:
722 2150 799 2197 sed
814 2151 1129 2206 nescissemus‚
1143 2163 1372 2210 quantum

214 2240 219 2246 ·
1161 2217 1213 2262 16
