1650 2550
360 208 706 255 TRAJANO
742 213 1040 260 DICTUS.
1244 218 1331 281 249

59 296 257 356 coegerit
280 290 458 359 imperii
478 301 695 362 dignitas,
717 320 808 349 non
833 306 935 352 ideo
954 295 1116 354 vicisse⁸
1138 310 1330 359 videaris

60 385 109 418 ut
129 377 442 437 triumphares
458 413 471 433 ‚
496 382 573 427 sed
594 383 875 445 triumphare
890 421 902 441 ‚
927 390 1033 448 quia
1057 391 1231 436 viceris.

118 455 289 500 xvln.
313 459 465 502 Amnn
493 476 545 504 ex
573 461 660 505 alio
683 462 794 508 mihi
822 468 1034 511 occurrit.
1057 469 1205 527 Quam
1228 484 1331 530 spe-

61 530 235 575 ciosum
274 545 368 588 est,
403 536 527 596 quod
555 538 841 599 disciplinam
877 555 1129 589 castrorum
1156 544 1331 606 lapsam

59 608 420 672 exstinctamque
442 613 668 670 refovisti,
688 616 878 678 depulso
897 622 1059 681 prioris
1082 621 1220 666 seculi
1239 639 1332 669 ma-

59 680 128 740 lo,
152 687 318 731 inertia
333 722 346 742 ‚
368 700 413 734 et
430 696 737 749 contumacia,
761 708 806 741 et
833 696 1149 758 dedignatione
1167 715 1332 761 paren-

58 760 131 806 di!
154 765 332 809 Tutum
359 778 427 811 est
444 773 738 816 reverentiam
756 807 769 828 ‚
804 785 952 819 tutum
980 778 1213 823 caritatem
1236 794 1331 824 me-

57 841 152 884 reri
168 856 181 883 :
203 856 290 886 nec
311 842 480 889 ducum
500 849 766 910 quisquam,
787 864 867 897 aut
889 868 977 898 non
997 857 1142 899 amari
1160 872 1187 901 a
1209 854 1331 902 mili-

44 917 184 974 tibus
200 953 214 974 ,
234 931 317 964 aut
339 925 483 967 amari
508 927 637 971 timet
656 942 667 970 ε
690 939 734 972 et
750 928 858 974 inde
881 929 1065 978 offensae
1086 936 1331 996 gratiaeque

57 996 232 1053 pariter
245 1000 395 1042 securi
416 1001 585 1046 instant
601 1003 813 1063 operibus
826 1039 840 1060 ‚
865 1005 1030 1053 adsunt
1052 1012 1330 1057 exercitatio-

58 1072 223 1127 nibus,
249 1089 404 1131 arma,
439 1081 603 1124 moenia
617 1114 629 1132 ‚
656 1083 774 1127 viros
809 1096 982 1144 aptant.
1021 1087 1201 1147 Quippe
1236 1105 1329 1135 non

57 1150 89 1196 is
106 1152 330 1212 princeps
345 1184 359 1206 ‚
380 1154 459 1213 qni
479 1153 565 1199 sibi
587 1157 824 1203 imminere
838 1193 851 1213 ‚
872 1160 959 1205 sibi
980 1162 1152 1207 intendi
1170 1178 1326 1224 putet,

59 1229 185 1291 quod
196 1230 244 1274 in
258 1228 410 1276 hostes
419 1244 628 1291 paretur:
647 1250 748 1297 quae
760 1241 993 1297 persuasio
1014 1238 1101 1285 fuit
1117 1240 1300 1290 illorum
1312 1278 1326 1300 ‚

60 1310 133 1369 qui
151 1342 167 1363 ‚
195 1306 382 1352 hostilia
404 1324 550 1369 qnnm
570 1310 792 1368 facerent,
819 1314 1054 1361 timebant.
1077 1318 1222 1364 Iidem
1250 1337 1328 1365 er·

60 1399 108 1443 go
131 1397 326 1446 torpere
345 1384 559 1432 militaria
576 1389 725 1434 studia
737 1424 750 1445 ,
775 1407 859 1436 nec
875 1394 1052 1438 animos
1066 1396 1202 1441 modo
1221 1432 1234 1452 ‚
1249 1397 1328 1442 sed

61 1476 95 1509 et
112 1477 319 1523 corpora
344 1465 441 1523 ipsa
465 1463 776 1525 languescere,
802 1467 974 1528 gladios
997 1474 1130 1516 etiam
1154 1477 1330 1520 incuria

58 1538 264 1588 hebetari
286 1541 561 1604 retundique
575 1544 849 1603 gaudebant.
867 1549 1013 1593 Duces
1026 1565 1165 1611 porro
1186 1550 1327 1597 nostri

59 1635 141 1668 non
166 1633 270 1667 tam
292 1634 453 1679 regum
475 1632 754 1676 exterorum,
779 1639 918 1685 quam
943 1641 1129 1672 suorum
1145 1630 1322 1688 princi-

60 1712 164 1758 pum
187 1696 405 1752 insidias,
426 1713 508 1743 nec
533 1711 625 1744 tam
644 1699 842 1746 bostium
856 1736 869 1757 ,
894 1719 1031 1765 quam
1054 1705 1324 1750 commilito·

62 1791 167 1824 num
196 1790 363 1821 manus
385 1774 649 1839 ferrumque
667 1779 944 1826 metuebant.

110 1857 242 1902 xlx.
270 1856 361 1897 ΕΜ·
381 1851 476 1898 haec
498 1866 660 1900 natura
683 1856 907 1902 sideribus
923 1892 935 1912 ‚
956 1870 1007 1903 ut
1024 1872 1164 1917 parva
1183 1868 1227 1903 et
1246 1863 1331 1905 exi-

65 1928 115 1978 lia
135 1929 425 1976 validiorum
444 1943 622 1977 exortus
640 1932 877 1980 obscuret:
909 1933 1115 1979 similiter
1131 1937 1331 1995 impera·
1390 1943 1399 1953 '

66 2013 168 2055 toris
195 2008 401 2055 adventu
429 2007 679 2068 legatorum
702 2010 896 2071 dignitas
921 2011 1227 2056 inumbratur.
1257 2014 1330 2057 Tu

69 2096 218 2134 tamen
241 2085 391 2146 major
408 2087 622 2133 omnibus
639 2089 826 2152 quidem
841 2105 940 2136 eras
954 2123 967 2146 ,
989 2089 1068 2135 sed
1082 2092 1176 2173 sine
1192 2087 1328 2135 unius

189 2177 247 2212 u.
1086 2185 1137 2231 ι’Ζ
