1650 2550
514 230 734 285 mmm
767 214 931 275 vni.
1031 203 1036 209 ⁴
1292 226 1354 283 45

93 320 390 377 δαείω-κως
417 324 696 385 acprimum
717 324 904 380 amicis,
927 335 1028 371 tum
1049 321 1355 369 mihiscribe-

24 444 25 463 *
93 412 196 444 rem.
230 399 371 446 Liber
396 399 486 446 fuit
513 411 558 446 et
582 400 812 462 opusculis
838 402 990 447 varius
1016 413 1061 447 et
1084 403 1252 447 metris.
1286 403 1355 447 lta

24 468 27 545 3⁸
91 475 285 522 solemus
299 511 313 532 ,
333 478 416 540 qui
434 478 614 539 ingenio
630 493 797 539 parum
814 478 998 524 fidimus
1009 511 1024 534 ,
1045 479 1260 525 satietatis
1272 493 1355 540 pe·

24 568 25 573 ¹
92 555 285 601 ticulum
306 555 482 618 fugere.
506 557 708 603 Recitavi
728 557 900 603 biduo:
925 558 1012 604 boc
1041 572 1246 603 assensus
1268 572 1354 602 au-

92 630 318 679 dieutium·
329 636 502 695 exegit:
533 646 579 681 et
599 645 780 690 tamen,
800 647 853 681 ut
871 634 949 682 alii
968 645 1205 682 transeunt
1225 650 1350 696 qnae-

92 708 218 767 dam,
242 713 567 775 imputantque
593 712 720 775 quod
748 724 1005 768 transeant;
1040 714 1102 760 sic
1127 727 1209 774 ego
1236 709 1353 757 nihil

91 801 306 850 praetereo
315 825 329 846 ,
344 803 484 852 atque
498 791 638 836 etiam
652 804 745 835 uon
761 791 991 851 praeterire
1005 805 1079 836 me
1092 790 1208 836 dico.
1231 791 1351 851 Lego

93 870 206 913 euim
224 871 409 925 omnia,
430 880 482 915 ut
499 870 654 914 omnia
670 867 932 923 emendam
952 867 1077 929 quod
1095 868 1352 927 contingere

94 959 177 990 uon
196 956 348 1007 potest
365 943 509 990 electa
526 944 835 990 recitantibus.
860 947 919 992 At
941 943 1055 990 illud
1077 943 1348 998 modestius,

24 1082 27 1085 Ι
95 1034 135 1068 et
148 1022 338 1070 fortasse
349 1025 632 1071 reverentius
647 1041 661 1080 ;
677 1023 757 1070 sed
774 1023 861 1071 hoc
877 1023 1124 1086 simplicius
1137 1035 1184 1070 et
1195 1038 1350 1069 aman·

95 1101 190 1148 tius.
211 1104 344 1148 Amat
355 1102 480 1148 euim
491 1135 506 1157 ,
521 1103 603 1165 qui
617 1118 664 1148 se
677 1103 740 1148 sic
757 1104 903 1148 amari
920 1112 1052 1163 putat
1066 1136 1080 1157 ,
1095 1113 1148 1148 ut
1160 1100 1348 1148 taedium

97 1193 180 1224 uon
199 1180 505 1241 pertimescat.
524 1178 706 1243 Alioqui
727 1179 841 1242 quid
851 1192 1067 1241 praestant
1084 1178 1283 1233 sodales,
1307 1178 1347 1222 si

95 1259 360 1305 conveniunt
370 1257 616 1320 voluptatis
631 1275 724 1305 suae
735 1258 901 1305 causa?
916 1256 1143 1304 Delicatus
1154 1272 1208 1305 ac
1227 1258 1350 1303 simi·

96 1333 144 1382 lis
164 1337 318 1399 ignoto
334 1348 427 1392 est,
449 1338 531 1399 qui
547 1337 681 1383 amici
698 1336 872 1383 librum
887 1336 1064 1398 bonum
1077 1334 1251 1382 mavult
1268 1349 1347 1380 au·

97 1412 210 1470 dire,
230 1429 373 1477 quam
391 1413 556 1463 facere.
575 1416 678 1460 Non
697 1413 860 1461 dubito
876 1430 1042 1476 cupere
1058 1425 1103 1460 te
1115 1449 1128 1470 ,
1151 1428 1237 1475 pro
1258 1428 1348 1459 cae-

96 1502 184 1539 tera
204 1494 297 1540 mei
321 1494 533 1548 caritate,
557 1507 697 1554 quam
722 1493 1029 1539 maturissime
1049 1490 1196 1554 legere
1221 1491 1350 1537 hune

97 1570 239 1617 adhuc
259 1582 491 1617 musteum
512 1568 699 1617 librum.
722 1573 890 1632 Leges,
919 1569 998 1616 sed
1019 1581 1312 1617 reu-acutum
1327 1601 1341 1624 ‚

97 1664 192 1711 qua
211 1664 349 1695 causa
370 1648 593 1696 recitandi
613 1647 727 1705 fuit3
751 1660 797 1696 et
821 1661 975 1695 tamen
1004 1647 1222 1695 nonnulla
1247 1647 1346 1708 jam

98 1744 146 1774 ex
165 1744 218 1775 eo
234 1730 371 1775 nosti.
396 1730 503 1774 Haec
524 1726 599 1774 vel
624 1727 864 1775 emendata
886 1739 1067 1791 postea,
1097 1726 1171 1775 vel
1190 1725 1344 1789 (quod

98 1807 318 1854 interdum
355 1806 558 1868 longiore
597 1820 728 1852 mora
761 1805 900 1867 solet)
937 1805 1163 1853 deteriora
1195 1804 1341 1859 facta,

96 1887 216 1947 quasi
245 1899 365 1931 nova
394 1899 581 1940 rursus,
617 1894 663 1930 et
692 1885 908 1946 rescripta
941 1897 1194 1944 cognosces.
1227 1882 1345 1926 Nam

97 1961 312 2027 plerisque
324 1964 530 2021 mutatis,
546 1977 601 2011 ea
612 1976 797 2026 quoque
809 1973 986 2008 mutata
999 1959 1226 2015 videntur,
1241 1970 1347 2019 qun

98 2054 287 2090 mosot.
306 2039 441 2088 Vale.
1407 2058 1413 2066 ,
