1650 2550
490 154 725 204 'LIBER
757 158 812 201 X.
1206 162 1291 206 ¹⁴²9

61 320 618 345 WUWWWWW
1003 307 1289 331 mmm

594 435 645 484 X
659 435 681 484 1
695 433 759 484 X.

428 591 451 633 1
465 586 505 632 D
519 585 557 631 E
570 586 622 630 M
656 586 692 629 E
704 586 725 629 1
737 586 777 629 D
792 583 831 627 Ε
846 582 911 627 Μ.

316 730 642 795 Nymphidium
657 731 837 791 Lupum
851 700 1038 788 probat:

122 878 427 921 Nmmmtm
460 875 671 933 Lupum,
697 870 890 914 Domine
903 902 916 923 ,
949 864 1301 928 primipilarem,

74 955 402 1000 commilitonem
419 950 589 1004 habui,
610 964 754 1011 quum
785 950 881 1008 ipse
906 946 1115 992 tribunus
1136 959 1303 999 essem,

75 1032 134 1077 ille
152 1033 381 1094 praefectus
398 1047 409 1076 :
433 1029 541 1075 iude
554 1026 838 1073 familiariter
851 1025 1041 1085 diligere
1053 1027 1181 1087 coepi.
1203 1027 1307 1071 Cre-

77 1114 130 1156 vit
156 1126 305 1173 postea
330 1113 496 1157 caritas
518 1110 615 1170 ipsa
644 1119 813 1152 mutuae
836 1115 1053 1150 vetustate
1083 1106 1304 1150 amicitiae.

77 1191 213 1251 ltaque
229 1203 274 1236 et
290 1190 438 1251 quieti
451 1186 549 1246 ejus
567 1185 697 1244 injeci
717 1198 906 1228 manum
918 1215 930 1235 ‚
946 1193 992 1226 et
1008 1183 1129 1241 exegi
1145 1216 1157 1237 ‚
1173 1191 1224 1227 ut
1237 1195 1310 1225 me
1396 1182 1403 1193 “

76 1270 112 1312 in
125 1269 319 1333 Bithynia
338 1266 531 1314 consilio
552 1266 795 1309 instrueret
814 1277 823 1305 :
849 1258 975 1323 quod
996 1259 1070 1306 ille
1092 1262 1310 1306 amicissi-

76 1362 159 1402 me,
178 1363 221 1394 et
241 1349 324 1393 otii
342 1358 388 1391 et
406 1343 648 1389 senectutis
668 1342 844 1386 ratione
865 1341 1136 1401 postposita,
1157 1352 1201 1386 et
1216 1340 1315 1399 jam

75 1424 183 1482 fecii,
201 1439 247 1472 et
267 1426 474 1471 facturus
494 1432 577 1468 est.
598 1419 775 1480 Quibus
793 1435 845 1464 ex
867 1420 1011 1464 causis
1030 1417 1315 1464 necessitudi-

78 1520 142 1549 nes
172 1505 265 1566 ejus
299 1507 421 1550 iuter
465 1515 587 1546 meas
623 1513 815 1543 numero
833 1531 847 1551 ,
894 1497 1039 1544 fllium
1072 1498 1278 1557 inprimis
1297 1531 1311 1553 ‚

79 1583 389 1645 Nymphidium
426 1582 607 1639 Lupum
622 1612 635 1632 ,
664 1577 877 1637 juvenem
898 1576 1095 1637 probum
1108 1611 1122 1631 ‚
1152 1576 1315 1621 indus-
1352 1576 1357 1579 ⁴

79 1664 223 1717 trium,
244 1674 289 1708 et
308 1660 494 1721 egregio
508 1669 637 1718 patre
658 1655 995 1716 dignissimum,
1021 1654 1318 1701 suffecturum

80 1739 352 1801 indulgentiae
384 1749 498 1790 tuae3
533 1737 648 1779 sicut
685 1736 845 1795 primis
875 1734 970 1793 ejus
1005 1734 1318 1794 experimentis

81 1831 328 1877 cognoscere
346 1825 477 1875 potes
489 1845 502 1866 ‚
523 1827 666 1873 quum
684 1809 922 1872 praefectus
944 1810 1139 1855 cohortis
1157 1808 1320 1869 plenis-

80 1895 227 1940 simum
240 1892 554 1940 testimonium
568 1889 783 1933 meruerit
796 1886 905 1933 sulii
918 1888 1116 1938 Ferocis,
1132 1897 1177 1930 et
1189 1887 1322 1930 Fusci

82 1971 325 2018 Salinatoris
342 2003 356 2024 ,
391 1966 744 2013 clarissimorum
770 1965 989 2009 virorum.
1024 1963 1180 2006 Meum
1212 1975 1323 2020 gau-

83 2048 219 2107 dium,
244 2047 472 2103 Domine,
495 2060 599 2092 mea
618 2041 858 2105 gratulatio
884 2040 967 2087 filii
984 2040 1158 2086 honore
1176 2040 1324 2085 conti·-

83 2142 216 2178 mr·
