<?xml version="1.0" encoding="UTF-8"?>
<!DOCTYPE html PUBLIC "-//W3C//DTD XHTML 1.0 Transitional//EN"
    "http://www.w3.org/TR/xhtml1/DTD/xhtml1-transitional.dtd">
<html xmlns="http://www.w3.org/1999/xhtml" xml:lang="en" lang="en">
 <head>
  <title>
</title>
<meta http-equiv="Content-Type" content="text/html;charset=utf-8" />
  <meta name='ocr-system' content='tesseract 3.04.00' />
  <meta name='ocr-capabilities' content='ocr_page ocr_carea ocr_par ocr_line ocrx_word'/>
</head>
<body>
  <div class='ocr_page' id='page_1' title='image "./cpliniicaeclili00rivigoog_0089.png"; bbox 0 0 1650 2550; ppageno 0'>
   <div class='ocr_carea' id='block_1_1' title="bbox 120 131 1396 1146">
    <p class='ocr_par' dir='ltr' id='par_1_1' title="bbox 120 131 1396 1146">
     <span class='ocr_line' id='line_1_1' title="bbox 581 131 1389 177; baseline 0.004 -4"><span class='ocrx_word' id='word_1_1' title='bbox 581 132 621 173; x_wconf 89' lang='lat' dir='ltr'>L</span> <span class='ocrx_word' id='word_1_2' title='bbox 632 132 653 175; x_wconf 90' lang='lat' dir='ltr'><strong>l</strong></span> <span class='ocrx_word' id='word_1_3' title='bbox 667 132 702 174; x_wconf 86' lang='lat' dir='ltr'>B</span> <span class='ocrx_word' id='word_1_4' title='bbox 715 131 751 173; x_wconf 87' lang='lat' dir='ltr'><strong>E</strong></span> <span class='ocrx_word' id='word_1_5' title='bbox 766 133 805 175; x_wconf 83' lang='lat' dir='ltr'>R</span> <span class='ocrx_word' id='word_1_6' title='bbox 841 134 862 176; x_wconf 93' lang='lat'>1</span> <span class='ocrx_word' id='word_1_7' title='bbox 877 135 933 177; x_wconf 85' lang='lat' dir='ltr'><strong>X.</strong></span> <span class='ocrx_word' id='word_1_8' title='bbox 1334 131 1361 176; x_wconf 83' lang='grc'><strong>8</strong></span> <span class='ocrx_word' id='word_1_9' title='bbox 1372 148 1389 176; x_wconf 85' lang='lat'>1</span> 
     </span>
     <span class='ocr_line' id='line_1_2' title="bbox 120 224 1396 285; baseline 0.002 -16"><span class='ocrx_word' id='word_1_10' title='bbox 120 225 215 269; x_wconf 67' lang='lat' dir='ltr'><strong>rim</strong></span> <span class='ocrx_word' id='word_1_11' title='bbox 236 224 424 270; x_wconf 76' lang='lat' dir='ltr'><strong>deflexit</strong></span> <span class='ocrx_word' id='word_1_12' title='bbox 439 243 452 270; x_wconf 88' lang='lat'>:</span> <span class='ocrx_word' id='word_1_13' title='bbox 473 227 522 269; x_wconf 86' lang='lat' dir='ltr'><strong>in</strong></span> <span class='ocrx_word' id='word_1_14' title='bbox 543 224 712 285; x_wconf 81' lang='lat' dir='ltr'>quibus</span> <span class='ocrx_word' id='word_1_15' title='bbox 731 227 793 270; x_wconf 80' lang='lat' dir='ltr'><strong>ita</strong></span> <span class='ocrx_word' id='word_1_16' title='bbox 814 226 1083 281; x_wconf 78' lang='lat' dir='ltr'><strong>Horatium,</strong></span> <span class='ocrx_word' id='word_1_17' title='bbox 1103 237 1156 272; x_wconf 89' lang='lat' dir='ltr'><strong>ut</strong></span> <span class='ocrx_word' id='word_1_18' title='bbox 1172 227 1218 269; x_wconf 84' lang='lat' dir='ltr'><strong>in</strong></span> <span class='ocrx_word' id='word_1_19' title='bbox 1240 224 1329 271; x_wconf 83' lang='lat' dir='ltr'><strong>illis</strong></span> <span class='ocrx_word' id='word_1_20' title='bbox 1345 224 1396 271; x_wconf 88' lang='lat' dir='ltr'><strong>il-</strong></span> 
     </span>
     <span class='ocr_line' id='line_1_3' title="bbox 127 299 1396 364; baseline 0.001 -17"><span class='ocrx_word' id='word_1_21' title='bbox 127 299 219 347; x_wconf 81' lang='lat' dir='ltr'><strong>lum</strong></span> <span class='ocrx_word' id='word_1_22' title='bbox 240 301 468 358; x_wconf 81' lang='lat' dir='ltr'><strong>alterum,</strong></span> <span class='ocrx_word' id='word_1_23' title='bbox 493 302 647 361; x_wconf 76' lang='lat' dir='ltr'>effingi</span> <span class='ocrx_word' id='word_1_24' title='bbox 672 314 831 363; x_wconf 83' lang='lat' dir='ltr'><strong>putes:</strong></span> <span class='ocrx_word' id='word_1_25' title='bbox 858 306 895 347; x_wconf 86' lang='lat' dir='ltr'><strong>si</strong></span> <span class='ocrx_word' id='word_1_26' title='bbox 918 303 1028 364; x_wconf 81' lang='lat' dir='ltr'><strong>quid</strong></span> <span class='ocrx_word' id='word_1_27' title='bbox 1052 305 1097 348; x_wconf 86' lang='lat' dir='ltr'><strong>in</strong></span> <span class='ocrx_word' id='word_1_28' title='bbox 1117 303 1276 349; x_wconf 82' lang='lat' dir='ltr'>studiis</span> <span class='ocrx_word' id='word_1_29' title='bbox 1293 317 1396 364; x_wconf 80' lang='lat' dir='ltr'>cog-</span> 
     </span>
     <span class='ocr_line' id='line_1_4' title="bbox 127 378 1392 442; baseline 0.002 -19"><span class='ocrx_word' id='word_1_30' title='bbox 127 382 246 425; x_wconf 74' lang='lat' dir='ltr'><strong>natio</strong></span> <span class='ocrx_word' id='word_1_31' title='bbox 268 381 419 435; x_wconf 79' lang='lat' dir='ltr'><strong>valet,</strong></span> <span class='ocrx_word' id='word_1_32' title='bbox 443 392 489 425; x_wconf 84' lang='lat' dir='ltr'><strong>et</strong></span> <span class='ocrx_word' id='word_1_33' title='bbox 506 378 643 440; x_wconf 81' lang='lat' dir='ltr'>hujus</span> <span class='ocrx_word' id='word_1_34' title='bbox 665 381 965 442; x_wconf 77' lang='lat' dir='ltr'><strong>propinquus.</strong></span> <span class='ocrx_word' id='word_1_35' title='bbox 989 382 1158 441; x_wconf 81' lang='lat' dir='ltr'>Magna</span> <span class='ocrx_word' id='word_1_36' title='bbox 1176 383 1365 426; x_wconf 78' lang='lat' dir='ltr'>varietas</span> <span class='ocrx_word' id='word_1_37' title='bbox 1378 414 1392 435; x_wconf 92' lang='lat'>,</span> 
     </span>
     <span class='ocr_line' id='line_1_5' title="bbox 129 456 1394 519; baseline 0.002 -18"><span class='ocrx_word' id='word_1_38' title='bbox 129 471 288 516; x_wconf 75' lang='lat' dir='ltr'><strong>magna</strong></span> <span class='ocrx_word' id='word_1_39' title='bbox 300 456 550 502; x_wconf 80' lang='lat' dir='ltr'><strong>mobilitas.</strong></span> <span class='ocrx_word' id='word_1_40' title='bbox 569 460 704 502; x_wconf 81' lang='lat' dir='ltr'>Amat</span> <span class='ocrx_word' id='word_1_41' title='bbox 715 491 728 511; x_wconf 92' lang='lat'><strong>‚</strong></span> <span class='ocrx_word' id='word_1_42' title='bbox 743 469 795 502; x_wconf 85' lang='lat' dir='ltr'><strong>ut</strong></span> <span class='ocrx_word' id='word_1_43' title='bbox 808 460 889 519; x_wconf 85' lang='lat' dir='ltr'><strong>qui</strong></span> <span class='ocrx_word' id='word_1_44' title='bbox 907 459 1138 503; x_wconf 80' lang='lat' dir='ltr'>verissime</span> <span class='ocrx_word' id='word_1_45' title='bbox 1151 475 1163 512; x_wconf 90' lang='lat'>;</span> <span class='ocrx_word' id='word_1_46' title='bbox 1178 457 1301 504; x_wconf 84' lang='lat' dir='ltr'><strong>dolet</strong></span> <span class='ocrx_word' id='word_1_47' title='bbox 1312 492 1326 514; x_wconf 87' lang='lat'>,</span> <span class='ocrx_word' id='word_1_48' title='bbox 1342 468 1394 503; x_wconf 84' lang='lat' dir='ltr'><strong>ut</strong></span> 
     </span>
     <span class='ocr_line' id='line_1_6' title="bbox 134 532 1393 596; baseline 0 -16"><span class='ocrx_word' id='word_1_49' title='bbox 134 536 209 595; x_wconf 81' lang='lat' dir='ltr'><strong>qui</strong></span> <span class='ocrx_word' id='word_1_50' title='bbox 228 536 651 596; x_wconf 76' lang='lat' dir='ltr'>impatientissime3</span> <span class='ocrx_word' id='word_1_51' title='bbox 675 532 856 590; x_wconf 81' lang='lat' dir='ltr'><strong>laudat,</strong></span> <span class='ocrx_word' id='word_1_52' title='bbox 875 547 928 581; x_wconf 78' lang='lat' dir='ltr'><strong>ut</strong></span> <span class='ocrx_word' id='word_1_53' title='bbox 950 536 1030 596; x_wconf 87' lang='lat' dir='ltr'><strong>qui</strong></span> <span class='ocrx_word' id='word_1_54' title='bbox 1048 535 1393 595; x_wconf 75' lang='lat' dir='ltr'>benignissime3</span> 
     </span>
     <span class='ocr_line' id='line_1_7' title="bbox 135 604 1393 677; baseline 0.003 -20"><span class='ocrx_word' id='word_1_55' title='bbox 135 610 266 668; x_wconf 75' lang='lat' dir='ltr'><strong>ludit,</strong></span> <span class='ocrx_word' id='word_1_56' title='bbox 297 625 351 659; x_wconf 83' lang='lat' dir='ltr'><strong>ut</strong></span> <span class='ocrx_word' id='word_1_57' title='bbox 383 614 464 675; x_wconf 88' lang='lat' dir='ltr'><strong>qui</strong></span> <span class='ocrx_word' id='word_1_58' title='bbox 499 612 767 659; x_wconf 77' lang='lat' dir='ltr'>facetissime</span> <span class='ocrx_word' id='word_1_59' title='bbox 784 604 816 658; x_wconf 62' lang='grc' dir='ltr'><strong>τ’</strong></span> <span class='ocrx_word' id='word_1_60' title='bbox 836 615 988 659; x_wconf 87' lang='lat' dir='ltr'>omnia</span> <span class='ocrx_word' id='word_1_61' title='bbox 1020 614 1215 677; x_wconf 87' lang='lat' dir='ltr'><strong>denique</strong></span> <span class='ocrx_word' id='word_1_62' title='bbox 1228 649 1242 670; x_wconf 88' lang='lat'>,</span> <span class='ocrx_word' id='word_1_63' title='bbox 1273 627 1393 661; x_wconf 81' lang='lat' dir='ltr'><strong>tam-</strong></span> 
     </span>
     <span class='ocr_line' id='line_1_8' title="bbox 137 691 1393 754; baseline 0.002 -18"><span class='ocrx_word' id='word_1_64' title='bbox 137 706 266 753; x_wconf 80' lang='lat' dir='ltr'>quam</span> <span class='ocrx_word' id='word_1_65' title='bbox 284 691 492 752; x_wconf 76' lang='lat' dir='ltr'><strong>singula,</strong></span> <span class='ocrx_word' id='word_1_66' title='bbox 524 691 734 738; x_wconf 66' lang='lat' dir='ltr'><strong>absolvit,</strong></span> <span class='ocrx_word' id='word_1_67' title='bbox 767 693 855 737; x_wconf 88' lang='lat' dir='ltr'><strong>Pro</strong></span> <span class='ocrx_word' id='word_1_68' title='bbox 884 692 973 738; x_wconf 88' lang='lat' dir='ltr'><strong>hoc</strong></span> <span class='ocrx_word' id='word_1_69' title='bbox 998 708 1079 754; x_wconf 80' lang='lat' dir='ltr'><strong>ego</strong></span> <span class='ocrx_word' id='word_1_70' title='bbox 1108 696 1279 748; x_wconf 84' lang='lat' dir='ltr'><strong>amico,</strong></span> <span class='ocrx_word' id='word_1_71' title='bbox 1307 708 1393 754; x_wconf 84' lang='lat' dir='ltr'><strong>pro</strong></span> 
     </span>
     <span class='ocr_line' id='line_1_9' title="bbox 134 766 1389 832; baseline 0.001 -19"><span class='ocrx_word' id='word_1_72' title='bbox 134 766 212 813; x_wconf 80' lang='lat' dir='ltr'><strong>hoe</strong></span> <span class='ocrx_word' id='word_1_73' title='bbox 223 785 306 830; x_wconf 76' lang='lat' dir='ltr'><strong>ego</strong></span> <span class='ocrx_word' id='word_1_74' title='bbox 319 771 505 830; x_wconf 73' lang='lat' dir='ltr'><strong>ingenio</strong></span> <span class='ocrx_word' id='word_1_75' title='bbox 516 803 530 824; x_wconf 88' lang='lat'>,</span> <span class='ocrx_word' id='word_1_76' title='bbox 546 784 638 813; x_wconf 88' lang='lat' dir='ltr'><strong>non</strong></span> <span class='ocrx_word' id='word_1_77' title='bbox 652 770 803 813; x_wconf 85' lang='lat' dir='ltr'><strong>minus</strong></span> <span class='ocrx_word' id='word_1_78' title='bbox 817 784 933 830; x_wconf 76' lang='lat' dir='ltr'><strong>aeger</strong></span> <span class='ocrx_word' id='word_1_79' title='bbox 946 771 1116 825; x_wconf 83' lang='lat' dir='ltr'>animo,</span> <span class='ocrx_word' id='word_1_80' title='bbox 1132 785 1274 832; x_wconf 86' lang='lat' dir='ltr'>quam</span> <span class='ocrx_word' id='word_1_81' title='bbox 1286 785 1389 814; x_wconf 89' lang='lat' dir='ltr'><strong>cor-</strong></span> 
     </span>
     <span class='ocr_line' id='line_1_10' title="bbox 136 845 1392 908; baseline 0.001 -16"><span class='ocrx_word' id='word_1_82' title='bbox 136 861 238 907; x_wconf 82' lang='lat' dir='ltr'><strong>pore</strong></span> <span class='ocrx_word' id='word_1_83' title='bbox 253 847 356 903; x_wconf 81' lang='lat' dir='ltr'>iue,</span> <span class='ocrx_word' id='word_1_84' title='bbox 376 847 564 893; x_wconf 78' lang='lat' dir='ltr'><strong>tandem</strong></span> <span class='ocrx_word' id='word_1_85' title='bbox 581 845 737 902; x_wconf 81' lang='lat' dir='ltr'><strong>illum,</strong></span> <span class='ocrx_word' id='word_1_86' title='bbox 751 846 937 892; x_wconf 81' lang='lat' dir='ltr'><strong>tandem</strong></span> <span class='ocrx_word' id='word_1_87' title='bbox 950 863 1023 892; x_wconf 80' lang='lat' dir='ltr'><strong>me</strong></span> <span class='ocrx_word' id='word_1_88' title='bbox 1044 849 1211 908; x_wconf 85' lang='lat' dir='ltr'><strong>recepi.</strong></span> <span class='ocrx_word' id='word_1_89' title='bbox 1229 849 1392 893; x_wconf 82' lang='lat' dir='ltr'>Gratu-</span> 
     </span>
     <span class='ocr_line' id='line_1_11' title="bbox 137 922 1392 988; baseline 0.002 -19"><span class='ocrx_word' id='word_1_90' title='bbox 137 922 223 971; x_wconf 77' lang='lat' dir='ltr'><strong>lare</strong></span> <span class='ocrx_word' id='word_1_91' title='bbox 241 926 381 981; x_wconf 79' lang='lat' dir='ltr'>mihi3</span> <span class='ocrx_word' id='word_1_92' title='bbox 401 924 633 988; x_wconf 75' lang='lat' dir='ltr'><strong>gratulare</strong></span> <span class='ocrx_word' id='word_1_93' title='bbox 651 927 789 972; x_wconf 76' lang='lat' dir='ltr'><strong>etiam</strong></span> <span class='ocrx_word' id='word_1_94' title='bbox 806 923 990 972; x_wconf 78' lang='lat' dir='ltr'><strong>litteris</strong></span> <span class='ocrx_word' id='word_1_95' title='bbox 980 929 1111 988; x_wconf 74' lang='lat' dir='ltr'>upsis,</span> <span class='ocrx_word' id='word_1_96' title='bbox 1131 942 1234 988; x_wconf 81' lang='lat' dir='ltr'><strong>quae</strong></span> <span class='ocrx_word' id='word_1_97' title='bbox 1246 943 1299 972; x_wconf 84' lang='lat' dir='ltr'><strong>ex</strong></span> <span class='ocrx_word' id='word_1_98' title='bbox 1315 941 1392 987; x_wconf 83' lang='lat' dir='ltr'><strong>pe-</strong></span> 
     </span>
     <span class='ocr_line' id='line_1_12' title="bbox 141 1002 1391 1067; baseline 0.003 -19"><span class='ocrx_word' id='word_1_99' title='bbox 141 1004 272 1050; x_wconf 76' lang='lat' dir='ltr'><strong>riculo</strong></span> <span class='ocrx_word' id='word_1_100' title='bbox 296 1006 395 1065; x_wconf 76' lang='lat' dir='ltr'>ejus</span> <span class='ocrx_word' id='word_1_101' title='bbox 420 1015 604 1050; x_wconf 78' lang='lat' dir='ltr'><strong>tantum</strong></span> <span class='ocrx_word' id='word_1_102' title='bbox 629 1002 874 1049; x_wconf 77' lang='lat' dir='ltr'>discrimen</span> <span class='ocrx_word' id='word_1_103' title='bbox 904 1002 1139 1060; x_wconf 78' lang='lat' dir='ltr'><strong>adierunt,</strong></span> <span class='ocrx_word' id='word_1_104' title='bbox 1167 1015 1391 1067; x_wconf 73' lang='lat' dir='ltr'><strong>quantum</strong></span> 
     </span>
     <span class='ocr_line' id='line_1_13' title="bbox 144 1081 1041 1146; baseline 0.001 -19"><span class='ocrx_word' id='word_1_105' title='bbox 144 1096 190 1127; x_wconf 73' lang='lat' dir='ltr'><strong>ex</strong></span> <span class='ocrx_word' id='word_1_106' title='bbox 208 1082 346 1131; x_wconf 76' lang='lat' dir='ltr'><strong>salute</strong></span> <span class='ocrx_word' id='word_1_107' title='bbox 363 1082 521 1145; x_wconf 76' lang='lat' dir='ltr'><strong>gloriae</strong></span> <span class='ocrx_word' id='word_1_108' title='bbox 542 1094 893 1146; x_wconf 71' lang='lat' dir='ltr'><strong>consequentur.</strong></span> <span class='ocrx_word' id='word_1_109' title='bbox 912 1081 1041 1129; x_wconf 87' lang='lat' dir='ltr'><strong>Vale.</strong></span> 
     </span>
    </p>
   </div>
  </div>
 </body>
</html>
