1650 2550
300 189 382 240 »92
620 181 672 225 c.
713 173 959 224 PLINH
989 161 1222 227 'Ems'tn

291 273 447 317 Dionis
460 304 473 326 ,
489 282 534 317 et
550 270 631 317 filii
649 288 660 317 z
683 271 1017 334 postulavitque
1028 308 1042 327 ‚
1061 279 1114 318 tit
1131 287 1444 334 cognoscerem
1460 285 1539 332 pm

290 347 522 396 tribunali.
548 349 682 409 Quod
707 365 850 412 quum
873 365 956 410 ego
976 367 1047 395 me
1065 352 1276 413 protinus
1294 350 1538 399 facturum,

292 424 629 489 dilaturumque
642 426 982 488 profectionem,
993 415 1203 474 dixissem
1217 446 1231 482 ;
1245 440 1296 474 ut
1304 427 1542 488 longiorem

294 500 414 547 diem
427 502 488 547 ad
502 503 810 549 instruendam
824 519 1006 549 cansam
1017 503 1192 560 darem,
1209 516 1348 566 atque
1355 506 1400 548 in
1415 501 1542 546 aliam

293 582 522 627 civitatem
549 596 863 643 cognoscerem
877 619 890 639 ,
910 586 1054 644 petiit.
1075 587 1167 643 Ego
1191 598 1268 628 me
1287 582 1543 628 auditurum

200 695 213 712 ,
295 661 443 705 Niceae
472 660 701 720 respondi.
731 661 826 705 Ubi
853 677 997 723 quum
1024 661 1242 707 sedissem
1268 663 1540 722 cogniturus,

294 735 415 781 idem
440 734 715 796 Eumolpus,
738 748 973 799 tamquam
999 736 1149 782 adhuc
1170 752 1333 798 parum
1362 740 1545 782 instruc-

296 824 394 868 tus,
413 812 674 858 dilationem
696 825 850 874 petere
873 817 1008 875 coepit
1024 830 1034 857 :
1052 826 1207 858 contra
1232 816 1351 859 Dion
1365 849 1379 869 ,
1401 826 1451 858 ut
1467 826 1542 856 an-

297 891 472 938 diretur
487 895 677 952 exigere.
697 894 829 938 Dicta
851 904 955 938 sunt
978 894 1208 953 utrimque
1227 892 1371 938 multa
1384 927 1398 947 ,
1419 893 1544 938 etiam

297 967 355 1012 de
371 983 520 1014 cansa.
536 970 631 1028 Ego
649 982 792 1029 quum
811 966 1009 1013 dandam
1028 969 1320 1024 dilationem,
1338 981 1384 1014 et
1402 980 1547 1014 consu-

296 1045 483 1092 lendum
497 1049 793 1091 existimarem
813 1047 860 1089 in
876 1062 924 1090 re
938 1043 999 1091 ad
1015 1045 1272 1107 exemplum
1286 1044 1524 1108 pertinenti
1534 1076 1546 1095 ,

298 1124 389 1169 dixi
412 1128 592 1186 utrique
610 1127 753 1185 parti,
775 1136 824 1168 ut
847 1123 1203 1184 postulationum
1219 1139 1410 1172 suarum
1429 1120 1548 1169 libel-

297 1200 365 1245 los
384 1202 559 1247 darent.
581 1196 801 1247 Volebam
829 1204 950 1246 enim
969 1213 1013 1247 te
1040 1205 1242 1263 ipsorum
1264 1205 1549 1263 potissimum
1643 1245 1644 1256 ,

299 1279 448 1326 verbis
467 1296 519 1325 ea
538 1298 640 1343 quae
652 1294 780 1326 erant
793 1283 1025 1342 proposita
1038 1315 1052 1335 ‚
1066 1297 1352 1341 cognoscere.
1368 1286 1426 1329 Et
1439 1284 1547 1328 Dion
1643 1278 1644 1289 ¹

298 1358 484 1421 quidem
503 1374 549 1403 se
571 1359 786 1406 daturum
799 1360 937 1405 dixit:
960 1374 1006 1405 et
1024 1360 1275 1423 Eumolpus
1294 1361 1546 1424 respondit,

293 1432 631 1495 complexurum
665 1452 712 1481 se
748 1435 902 1482 libello
932 1453 1035 1499 quae
1069 1437 1334 1498 reipublicae
1366 1449 1544 1501 peteret.

295 1515 542 1568 Caeterum,
564 1515 687 1575 quod
711 1515 771 1560 ad
788 1515 986 1576 sepultos
1004 1519 1224 1577 pertinet,
1249 1534 1343 1564 non
1368 1532 1545 1564 accusa-

296 1602 443 1636 torem
469 1606 541 1644 se,
576 1590 655 1635 sed
683 1591 951 1638 advocatum
979 1593 1119 1639 Flavii
1150 1592 1395 1656 Archippi,
1429 1595 1546 1654 cnjus

296 1668 509 1714 mandata
522 1668 793 1729 pertulisset.
810 1671 1082 1733 Archippus,
1098 1687 1169 1716 cui
1185 1673 1456 1734 Eumolpus
1473 1673 1547 1718 sic·

295 1759 347 1792 ut
378 1747 553 1799 Prusae‚
585 1745 844 1801 assistebat,
872 1747 983 1794 dixit
1005 1765 1050 1793 se
1073 1746 1287 1799 libellum
1316 1751 1542 1797 daturum.

288 1822 365 1869 'lta
383 1838 464 1868 nec
486 1822 758 1883 Eumolpus,
781 1838 864 1868 nec
882 1824 1133 1886 Archippus
1146 1860 1158 1879 ‚
1180 1841 1320 1887 quam
1344 1827 1547 1890 plurimis

294 1900 455 1946 diebus
484 1903 749 1962 exspectati,
782 1900 932 1946 adhuc
961 1901 1072 1947 mihi
1098 1902 1272 1947 libellos
1299 1904 1546 1951 dederunt:

295 1979 414 2023 Dion
448 1974 598 2033 dedit,
622 1994 757 2039 quem
785 1978 891 2024 huic
922 1979 1120 2042 epistolae
1138 1980 1284 2039 junxi.
1305 1984 1408 2044 lpse
1440 1986 1485 2028 in
1504 1998 1547 2027 re

296 2057 503 2113 praesenti
524 2055 614 2108 fui,
643 2068 689 2100 et
710 2055 803 2099 vidi
835 2068 959 2101 tuam
987 2072 1168 2118 quoque
1194 2070 1394 2105 statuam
1410 2062 1459 2105 in
1478 2060 1544 2105 hi-

294 2127 519 2172 bliotheca
538 2131 761 2187 positam:
783 2129 833 2174 id
859 2120 1036 2187 autem,
1063 2132 1110 2176 in
1130 2147 1223 2194 quo
1245 2132 1462 2182 dicuntur
1481 2150 1545 2181 se-
