1650 2550
423 150 766 197 TRAJANO
800 152 1096 197 DICTUS.
1302 148 1386 197 283

103 244 301 296 niman
328 251 402 297 et,
431 241 696 288 admittente
716 243 946 304 principe,
971 241 1197 289 interdum
1219 255 1285 289 est
1306 242 1392 288 ali-

108 319 234 382 quid
247 353 263 375 ,
290 318 424 381 quod
445 335 527 364 nos
545 319 668 364 domi
690 323 823 380 quasi
845 323 984 382 magis
1005 323 1304 367 necessarium
1323 334 1392 367 te-

106 410 242 444 neat.
265 400 483 444 Excusati
502 413 678 458 semper
706 398 812 453 tibi,
833 415 916 444 nec
933 414 1136 460 unquam
1154 401 1295 459 magis
1311 415 1390 444 ex-

107 475 317 522 cusandi
340 490 515 520 sumus.
540 477 632 521 Scis
658 478 780 521 enim
807 476 894 521 sibi
917 492 1145 538 quemque
1174 488 1387 536 praestare
1444 492 1449 495 ·

109 552 250 615 quod
269 563 317 598 te
346 550 525 606 videat,
553 552 679 614 quod
700 566 744 598 te
761 553 1041 614 frequentet,
1061 567 1114 597 ac
1137 564 1261 598 tanto
1280 551 1390 598 libe-

109 630 263 676 ralius
292 645 349 675 ac
367 629 540 675 diutius
562 629 806 691 voluptatis
833 631 970 691 hujus
997 632 1174 692 copiam
1196 629 1385 690 praebes.

110 712 212 756 Nec
251 708 550 755 salutationes
580 721 680 755 tuas
711 709 817 770 fuga
854 722 900 757 et
929 711 1111 757 vastitas
1147 709 1351 770 sequitur
1370 724 1382 754 :

111 803 433 842 remoramur,
475 789 747 842 resistimus,
784 799 837 833 ut
874 789 921 832 in
955 788 1185 833 communi
1225 786 1389 841 domo,

111 881 266 929 quam
292 881 446 926 nuper
466 863 542 909 illa
565 866 889 911 immanissima
910 863 1060 911 bellua
1080 864 1277 927 plurimo
1297 877 1388 910 ter-

113 961 223 992 rore
237 946 471 990 munierat
482 978 496 1000 ,
512 959 656 1006 quum
668 980 683 1001 ,
699 943 821 990 velut
833 944 1032 1006 quodam
1041 960 1176 1006 specu
1189 943 1360 990 inclusa
1372 979 1386 1000 ,

113 1039 242 1069 nunc
265 1023 632 1084 propinquorum
651 1023 915 1082 sanguinem
938 1020 1181 1077 lamberet,
1201 1038 1320 1068 nunc
1339 1038 1389 1068 se

116 1102 180 1148 ad
202 1100 564 1147 clarissimorum
583 1102 749 1146 civium
770 1112 938 1161 strages
956 1098 1189 1162 caedesque
1210 1101 1388 1161 profer-

115 1192 205 1226 ret.
227 1176 607 1224 Obversabautur
627 1175 804 1222 foribus
825 1176 991 1222 horror
1007 1188 1051 1222 et
1071 1179 1203 1222 minae
1215 1211 1228 1232 ,
1243 1190 1287 1223 et
1304 1193 1388 1238 par

115 1269 271 1304 metus
303 1256 513 1304 admissis
542 1268 588 1303 et
617 1256 821 1303 exclusis.
860 1256 929 1302 Ad
964 1255 1050 1302 hoc
1076 1258 1172 1318 ipse
1197 1272 1387 1304 occursu

118 1353 311 1401 quoque
332 1338 523 1399 visuque
546 1336 758 1382 terribilis
773 1372 785 1392 ,
814 1335 1026 1398 superbia
1054 1338 1098 1381 in
1124 1335 1295 1392 fronte,
1320 1340 1388 1382 im

117 1417 167 1460 in
183 1413 332 1461 oculis
349 1448 363 1469 ,
382 1413 605 1460 femineus
623 1413 768 1475 pallor
780 1416 827 1459 in
842 1428 1030 1474 corpore
1043 1448 1055 1469 ‚
1078 1416 1125 1459 in
1143 1430 1223 1460 ore
1240 1417 1390 1475 impu-

118 1493 277 1540 dentia
298 1492 443 1538 multo
458 1491 625 1538 rubore
644 1491 836 1538 suffusa.
858 1494 959 1537 Nou
972 1492 1097 1538 adire
1114 1496 1358 1555 quisquam
1369 1527 1383 1548 ,

116 1586 210 1616 non
240 1568 413 1631 alioqui
438 1568 658 1625 audebat,
691 1569 899 1615 tenebras
931 1586 1110 1633 semper
1136 1582 1384 1616 secretum-

117 1667 209 1712 que
242 1661 502 1712 captantem
519 1666 532 1703 ς
566 1664 650 1695 nec
684 1664 907 1711 umquam
937 1666 990 1695 ex
1025 1648 1267 1695 solitudine
1303 1664 1386 1696 sua

116 1727 424 1790 prodeuntem
438 1760 451 1781 ,
473 1727 560 1771 nisi
578 1740 630 1772 ut
647 1724 937 1773 solitudinem
955 1726 1135 1772 faceret.

179 1806 336 1851 xux.
351 1806 615 1850 luctamen
629 1839 641 1859 ,
657 1803 824 1866 quibus
835 1803 919 1849 sibi
929 1801 1177 1865 parietibus
1186 1814 1231 1849 et
1239 1804 1385 1849 muris

119 1882 313 1929 salutem
332 1897 460 1927 snam
475 1876 593 1928 tueri
608 1881 865 1936 videbatur,
879 1879 1036 1927 dolum
1049 1895 1203 1925 secum
1220 1892 1265 1926 et
1280 1882 1385 1926 insi-

116 1962 216 2008 dias
229 1995 243 2018 ,
272 1973 318 2007 et
336 1960 533 2006 ultorem
551 1959 771 2006 scelerum
800 1960 940 2005 deum
966 1957 1161 2005 inclusit.
1179 1959 1382 2004 Dimovit

117 2036 426 2099 pei-fregitque
443 2036 670 2083 custodias
685 2051 841 2098 poena;
864 2048 1168 2099 angustosque
1180 2050 1264 2098 per
1281 2034 1385 2082 adi-

118 2129 190 2163 tus
208 2128 253 2162 et
269 2114 523 2163 obstructos
534 2149 548 2171 ,
570 2130 662 2161 non
682 2130 809 2161 secus
826 2129 881 2160 ac
897 2130 981 2175 per
999 2126 1176 2175 apertas
1196 2114 1318 2160 fores
1335 2124 1382 2160 et

1173 2206 1226 2251 ¹9
