1650 2550
318 153 408 202 328
683 158 1214 206 PANEGYRICUS

319 251 486 310 quihus
515 254 632 298 sein
658 252 748 299 tale
778 256 926 300 otium
955 256 1138 316 recipit,
1163 253 1444 315 voluptates.
1475 254 1583 297 Suu

319 330 438 372 enim
461 327 739 389 voluptates,
768 331 936 393 quibus
958 337 1128 393 optime
1154 331 1216 376 de
1245 330 1472 392 cujusque
1490 342 1584 388 3¹²⁶

322 406 459 450 vitate
471 441 484 461 ,
508 411 742 454 sanctitate
756 442 770 463 ‚
787 411 1088 470 temperantia
1104 408 1330 455 creditur.
1348 410 1466 453 Nam
1486 405 1582 466 qu&

324 481 438 527 adeo
460 482 703 530 dissolutus
718 520 733 541 ,
756 488 887 546 cujus
909 503 1001 532 non
1028 486 1410 548 occupationibus
1440 483 1585 544 aliqua
1648 502 1649 505 ¹

323 575 493 621 spectes
511 564 756 608 severitatis
774 564 998 610 insideat?
1009 567 1116 611 Otio
1128 564 1392 626 prodimur.
1414 568 1483 608 An
1502 572 1587 606 nm

325 638 533 703 plerique
566 644 790 704 principes
826 643 914 689 hoc
950 644 1071 689 idem
1108 657 1292 706 tempus
1331 647 1381 689 in
1416 642 1586 691 aleam,

327 729 508 778 stupra,
533 718 688 765 luxum
710 720 1032 777 conferebant,
1055 738 1203 783 quum
1222 725 1449 767 seriarum
1469 719 1589 764 lan-

327 811 479 843 menta
497 814 710 845 curarum
733 803 947 846 vitiorum
967 802 1258 847 contentione
1275 795 1575 861 supplerent?

390 877 627 923 Lxxxm.
652 880 810 924 HABET
844 877 930 924 hoc
962 882 1164 939 primum
1189 892 1362 939 magna
1387 877 1590 927 fortuna,

329 959 454 1021 quod
484 959 598 1006 nihil
632 972 826 1016 tectum,
862 959 977 1005 nihil
1005 958 1237 1006 occultum
1269 975 1372 1005 esse
1401 961 1591 1022 patitur3

330 1041 589 1099 principum
620 1054 728 1085 vero
756 1053 850 1083 non
881 1037 1019 1083 modo
1055 1037 1243 1093 domos,
1278 1038 1363 1084 sed
1394 1034 1595 1085 cubicula

329 1120 429 1178 ipsa
467 1119 739 1179 intimosque
767 1132 966 1162 recessus
995 1115 1192 1162 recludit
1207 1151 1221 1171 ,
1255 1121 1509 1181 omniaque
1536 1132 1599 1163 at-

332 1210 445 1241 eana
464 1194 689 1240 noscenda
717 1193 851 1239 famae
873 1196 1090 1255 proponit
1114 1207 1257 1255 atque
1279 1195 1498 1257 explicat.
1519 1192 1599 1240 Sd

333 1270 416 1319 tibi
428 1306 441 1325 ,
457 1275 623 1326 Caesar,
638 1270 751 1317 nihil
765 1270 1150 1318 accommodatius
1162 1270 1309 1318 fuerit
1316 1271 1379 1317 ad
1390 1272 1596 1334 glorian,

334 1365 474 1413 quam
489 1352 670 1411 penitus
682 1351 860 1411 inspici.
876 1352 990 1394 Sunt
1002 1349 1191 1410 quidem
1210 1348 1547 1415 praeclaraque
1558 1351 1600 1394 iu

337 1426 576 1489 publicum
602 1428 803 1488 profers,
824 1425 905 1471 sed
923 1441 1013 1470 non
1033 1426 1212 1470 minora
1239 1442 1295 1471 ea
1318 1443 1430 1488 quae
1458 1428 1600 1473 limine

338 1519 479 1553 tenes.
496 1510 573 1552 Est
588 1506 876 1567 magnificum
889 1539 902 1559 ‚
923 1503 1048 1566 quod
1063 1516 1105 1550 te
1119 1503 1181 1549 ab
1195 1508 1325 1550 omni
1341 1509 1602 1568 coutaff'one

339 1587 554 1632 vitiorum
573 1586 782 1646 reprimis
804 1600 859 1629 ac
883 1598 1089 1637 revocas;
1119 1583 1200 1628 sed
1218 1585 1602 1645 magnificentius,

342 1663 466 1727 quod
498 1675 614 1708 tuos.
643 1665 824 1721 Quanto
853 1664 975 1707 enim
998 1662 1140 1721 magis
1168 1661 1374 1707 arduum
1402 1676 1476 1709 est
1504 1661 1603 1708 aliu

338 1754 552 1805 praestare
570 1755 708 1803 quam
727 1756 797 1795 se,
819 1751 947 1785 tanto
963 1736 1266 1793 laudabilius,
1290 1740 1424 1801 quod
1436 1775 1452 1796 ,
1472 1754 1605 1803 quu-

339 1822 436 1881 ipse
459 1822 517 1865 sis
540 1820 737 1879 optimus
754 1851 767 1872 ,
800 1832 957 1862 omnes
984 1818 1105 1862 circa
1127 1828 1171 1861 te
1199 1815 1375 1863 similes
1398 1819 1474 1863 tui
1502 1815 1603 1863 effi-

341 1899 457 1945 cisti.
482 1896 640 1943 Multis
657 1895 909 1942 illustribus
931 1895 1143 1941 dedecori
1164 1895 1257 1942 fuit
1276 1908 1364 1943 aut
1383 1893 1602 1943 inconsul-

344 1979 433 2020 tius
451 1991 564 2020 uxor
576 1986 808 2034 assumpta
819 2009 833 2029 ,
849 1985 929 2019 aut
947 1985 1121 2021 retenta
1138 1976 1409 2035 patientius.
1425 1978 1495 2022 lta
1506 1975 1600 2021 ἰαῦ

344 2051 487 2096 claros
505 2050 751 2097 domestica
768 2050 1035 2097 destruebat
1054 2051 1247 2096 infamia
1264 2069 1279 2107 ;
1296 2065 1347 2099 et
1360 2086 1375 2107 ,
1398 2069 1457 2100 ne
1475 2053 1601 2098 maxi-

342 2127 408 2170 mi
442 2126 559 2172 cives
591 2125 887 2183 haberentur,
920 2127 1008 2175 hoc
1040 2127 1271 2175 efficiebat
1304 2130 1438 2191 quod
1467 2129 1601 2177 uuiti
