1650 2550
308 150 396 211 296
667 146 1197 195 PANEGYRICUS

304 243 410 286 Fuit
422 242 560 287 etiam
568 243 650 302 qui
662 276 676 297 ,
691 244 738 286 in
752 242 1031 302 principatus
1039 240 1214 286 suifine
1228 274 1243 295 ‚
1258 240 1556 293 malum,

305 334 443 381 quem
469 318 690 365 dederat
678 335 800 381 ipse,
825 333 989 378 magua
1012 334 1066 363 ex
1088 330 1226 379 parte
1244 318 1347 377 jam
1367 324 1557 378 W,

306 409 590 458 extorqueret
607 409 653 441 et
671 407 864 458 raperet.
886 397 982 441 noc
1004 410 1115 455 ergo
1136 395 1346 451 honore,
1369 406 1502 457 quem
1520 406 1562 438 et

307 474 568 534 incipientes
591 474 815 533 principes
839 484 885 516 et
904 472 1164 517 desinentes
1186 472 1312 518 adeo
1334 472 1562 531 coucup'n·

308 561 418 596 cunt
445 562 495 596 ut
520 549 753 604 auferant,
782 562 860 604 tu,
887 550 1034 593 otioso
1061 564 1115 594 ac
1144 561 1371 603 vacante,
1396 548 1567 610 primis

237 654 246 662 .
309 628 493 673 cessisti.
523 627 833 672 Invidiosusne
861 636 959 670 erat
983 624 1069 670 tibi
1101 628 1271 670 tertius
1297 625 1571 677 consulatus,

311 717 392 752 aut
425 707 618 767 principi
652 706 828 766 primus
842 705 863 748 ?
893 706 1011 748 Nam
1041 704 1306 749 semndum
1338 708 1573 765 imperator

311 782 498 845 quidem
510 815 523 836 ,
544 781 630 827 sub
642 785 915 843 imperatore
934 794 1087 826 tamen
1104 781 1234 826 inisti
1250 797 1265 825 x
1283 781 1495 842 nihilque
1506 781 1577 824 i·-

313 863 465 921 putari
490 863 535 905 in
553 876 608 906 eo
621 858 693 906 vel
711 859 874 905 honori
891 870 1038 919 potest
1052 857 1123 903 vel
1143 859 1363 920 exemplo
1375 894 1391 914 ,
1408 856 1580 903 1ιίἐώ-

318 941 544 1000 sequium.
580 942 646 984 lta
680 953 789 983 vero
819 951 923 997 quae
951 937 1108 982 civitas
1140 938 1428 998 quinquies,
1458 948 1582 996 atque

315 1019 453 1063 etiam
486 1021 624 1063 sexies
656 1014 861 1062 consules
882 1014 995 1060 vidit
1010 1047 1023 1068 ,
1052 1030 1146 1058 uon
1179 1013 1285 1059 illos
1310 1018 1423 1075 qui,
1445 1016 1581 1074 exspi-

315 1107 442 1140 rante
451 1094 550 1154 jam
567 1093 773 1139 libertate
790 1127 803 1148 ,
824 1108 907 1153 per
924 1094 1017 1136 vim
1028 1106 1082 1136 ac
1096 1091 1360 1137 tumultum
1377 1092 1587 1138 oraban-

318 1182 394 1217 tur
411 1205 424 1226 ,
448 1171 527 1216 sed
548 1170 715 1231 quibus
737 1171 943 1230 sepositis
954 1181 999 1213 et
1022 1167 1293 1214 absentibus
1316 1171 1367 1213 in
1388 1185 1503 1214 run
1516 1182 1588 1213 sun

318 1247 575 1295 consulatus
594 1247 884 1301 serebantur3
906 1248 953 1291 iu
970 1244 1056 1291 hac
1074 1246 1259 1291 civitate
1279 1249 1477 1293 tertium
1496 1260 1591 1291 cou-

320 1322 519 1370 sulatum
552 1327 762 1387 princeps
795 1325 969 1384 generis
1002 1320 1194 1366 humani
1224 1334 1279 1367 ut
1313 1336 1592 1384 pragi-aven

319 1403 562 1446 recusasti?
579 1405 780 1447 Tantone
813 1401 1001 1461 Papiriis
1025 1400 1164 1444 etiam
1187 1411 1235 1444 et
1256 1401 1470 1459 Quintiis
1492 1414 1592 1445 mo-

323 1476 523 1522 deratior
543 1482 772 1537 Augustus
786 1511 799 1533 ,
822 1489 869 1522 et
891 1479 1056 1530 Caesar,
1084 1487 1132 1520 et
1157 1487 1290 1535 pater
1313 1478 1515 1537 patriae?
1538 1478 1593 1520 At

323 1553 423 1599 illos
443 1539 697 1613 respublica
718 1554 896 1599 ciebat:
921 1551 1060 1615 quid?
1078 1563 1121 1597 te
1135 1567 1229 1597 uon
1248 1552 1417 1599 eadem
1434 1567 1589 1613 respu-

325 1631 472 1678 blica?
485 1647 576 1677 nou
590 1633 798 1678 senatus?
808 1646 899 1677 uon
908 1630 1164 1676 consulatus
1178 1631 1295 1690 ipse,
1311 1631 1496 1692 quisibi
1506 1630 1589 1676 tuis

324 1710 526 1757 humeris
544 1710 688 1756 attolli
710 1725 756 1757 et
772 1726 1010 1771 augescere
1034 1711 1215 1756 videtur
1228 1711 1251 1754 ‘x'

388 1792 545 1837 Lvlu.
570 1792 673 1835 Non
693 1801 737 1834 te
756 1789 816 1834 ad
835 1788 1061 1851 exemplat
1078 1789 1174 1847 ejus
1192 1803 1306 1835 voco
1320 1824 1336 1844 ,
1356 1791 1441 1852 qui
1457 1791 1589 1834 couti-

331 1870 435 1913 nuis
454 1865 759 1913 consulatibus
779 1865 949 1912 fecerat
965 1865 1151 1926 longum
1169 1866 1423 1927 quemdam
1440 1878 1489 1911 et
1501 1867 1587 1910 siue

330 1947 589 1994 discrimine
623 1961 795 1991 aunum
813 1964 824 1992 ;
856 1945 927 1990 his
956 1956 1002 1990 te
1029 1943 1238 1998 confero,
1272 1959 1392 2007 quos
1416 1957 1587 1991 cerm·

326 2036 398 2068 est
411 2057 425 2077 ‚
446 2026 621 2083 quoties
638 2022 843 2067 consules
866 2021 1075 2077 fuerunt,
1093 2037 1187 2067 non
1205 2021 1295 2067 sibi
1314 2024 1582 2083 praestitis-e.

327 2102 437 2146 Emt
454 2101 502 2147 iu
521 2111 679 2146 senatu
697 2111 765 2169 ter
782 2099 941 2146 consul
953 2134 966 2156 ,
987 2115 1132 2161 quum
1149 2112 1201 2146 tu
1219 2102 1413 2148 tertium
1430 2114 1587 2148 cous*
