1650 2550
525 201 745 246 LIBER
780 201 946 246 viu.
1313 215 1369 265 ²7

128 305 215 337 nox
234 294 342 355 ipsi,
361 309 416 340 ac
433 309 520 356 per
533 296 655 340 vices
674 294 894 356 quasdam
910 328 923 350 ,
942 293 1161 341 tradenda
1185 296 1376 340 minori·

125 368 196 416 hus
214 372 497 421 haberemus.
521 374 634 419 Inde
658 373 982 420 adolescentuli
1001 377 1153 421 statim
1173 387 1374 421 castren-

124 449 474 512 sibusstipendiis
488 451 817 498 imbuebantur
829 486 843 508 ,
860 466 910 498 ut
920 455 1142 514 imperare
1150 452 1374 514 parendo,

124 526 245 575 duces
274 546 408 592 agere,
440 530 552 576 dnm
585 533 869 591 sequuntur,
902 543 1232 578 assuescerent:
1267 529 1378 576 inde

123 603 297 653 honores
318 610 508 668 petituri
532 607 802 654 assistebant
818 609 955 654 curiae
973 606 1173 665 foribus,
1198 621 1244 654 et
1264 624 1371 654 con-

120 682 191 728 silii
211 683 382 746 publici
406 696 683 747 spectatores
704 697 951 747 antequam
970 698 1198 732 consortes
1224 697 1368 731 erant.

119 762 218 809 Snus
243 764 412 826 cuique
434 779 599 825 parens
625 779 711 826 pro
738 766 979 826 magistro,
1003 777 1085 812 aut
1106 766 1180 811 cui
1206 779 1369 827 parens

117 854 193 886 non
221 855 343 897 erat,
383 844 609 888 maximus
638 844 831 905 quisque
859 836 1257 890 et'vetustissimus
1284 857 1374 905 pro

115 932 297 978 parente.
319 922 436 981 Quae
453 932 649 981 potestas
672 919 972 967 referentibus
995 956 1009 977 ‚
1030 921 1157 983 quod
1175 936 1369 967 censen-

115 995 220 1043 tibus
228 998 303 1058 jus
316 1033 329 1052 ‚
343 1014 450 1060 quae
468 999 535 1043 vis
554 997 889 1059 magistratibus
902 1033 915 1053 ‚
936 1014 1039 1060 quae
1053 1000 1223 1045 caeteris
1237 997 1372 1045 liber-

114 1085 191 1130 ¹2⁸3
207 1075 288 1121 ubi
308 1074 568 1121 cedendum
583 1110 597 1129 ‚
615 1075 693 1121 ubi
710 1075 1012 1121 resistendum
1030 1093 1042 1129 ;
1060 1075 1185 1138 quod
1206 1075 1371 1125 silendi

114 1164 305 1215 tempus,
330 1155 437 1216 quis
467 1152 645 1199 dicendi
669 1152 861 1209 modus,
894 1169 997 1216 quae
1026 1153 1254 1200 distinctio
1280 1168 1369 1215 pu·

105 1244 330 1292 ‘nautium
367 1233 695 1279 sententiarum
709 1267 721 1288 ‚
760 1248 864 1295 quae
901 1234 1164 1295 exsequutio
1198 1234 1367 1294 priori-

105 1311 182 1357 bus
203 1312 382 1375 aliquid
414 1311 706 1367 addentium,
734 1328 918 1357 omnem
951 1311 1150 1373 denique
1183 1324 1366 1358 senato-

102 1393 214 1436 tium
242 1406 448 1446 morem,
472 1391 599 1452 quod
620 1390 937 1436 fidelissimum
965 1389 1256 1452 praecipiendi
1284 1405 1366 1451 ge-

101 1484 204 1525 nus,
228 1468 450 1530 exemplis
475 1468 771 1514 docebantur.
798 1473 856 1513 At
878 1483 961 1514 nos
979 1468 1167 1529 juvenes
1193 1467 1370 1515 fuimus

100 1547 279 1608 quidem
300 1550 346 1594 in
366 1549 550 1600 castris:
574 1547 653 1592 sed
670 1561 814 1607 quum
835 1559 1041 1610 suspecta
1055 1548 1201 1593 virtus
1215 1581 1229 1601 ,
1250 1549 1367 1594 iner-

95 1626 151 1669 tin
170 1627 214 1670 in
230 1627 413 1688 pretim
432 1640 577 1687 quum
589 1624 781 1671 ducibus
800 1626 1043 1671 auctoritas
1061 1623 1186 1670 nulla
1202 1659 1215 1681 ‚
1238 1624 1366 1671 nulla

98 1702 313 1750 militibus
345 1702 652 1758 verecundia,
687 1718 914 1765 nusquam
946 1703 1217 1764 imperium,
1255 1718 1365 1749 nus-

95 1793 228 1839 quam
260 1781 568 1844 obsequium,
600 1783 754 1826 omnia
783 1780 956 1836 soluta,
985 1780 1194 1836 turbata,
1227 1792 1366 1842 atque

96 1861 225 1905 etiam
248 1863 297 1905 in
322 1861 605 1906 contrarium
626 1876 754 1905 versa
768 1894 780 1913 ‚
804 1871 1037 1922 postremo
1060 1857 1365 1905 obliviscenda

94 1938 229 1996 magis
251 1951 398 1998 quam
423 1935 636 1982 tenenda.
659 1935 803 1982 Iidem
826 1938 1140 1998 prospeximus
1162 1935 1364 1988 curiam,

94 2012 167 2057 ted
178 2016 357 2060 curiam
371 2012 598 2075 trepidam
607 2026 653 2061 et
660 2014 886 2076 elinguem
898 2032 912 2068 ;
925 2029 1070 2076 quum
1080 2012 1231 2059 dicere
1239 2010 1366 2073 quod

96 2088 222 2136 velles
240 2126 254 2147 ,
290 2091 625 2155 periculosum3
640 2092 765 2155 quod
782 2091 925 2137 nolles
942 2126 955 2146 ,
982 2091 1201 2136 miserum
1220 2100 1351 2133 esset.

96 2165 207 2224 Quid
226 2183 339 2218 mne
363 2171 477 2216 disci
496 2172 646 2231 potuit
658 2205 671 2227 ,
691 2170 806 2233 qnid
823 2169 1035 2236 didicisse
1048 2167 1168 2227 juvit
1180 2199 1193 2220 ‚
1217 2178 1363 2225 quum

1146 2243 1190 2285 3.
