1650 2550
543 206 760 250 LIBER
799 207 858 250 X.
1240 210 1321 255 151'

69 305 146 338 nec
161 292 262 339 ullo
273 294 444 341 idoneo
467 307 649 342 auctore
667 296 851 361 liberati
863 307 990 353 sunt,
1006 297 1089 345 hos
1101 301 1328 361 oportebit

70 382 208 428 poenae
231 387 332 418 suae
352 371 505 418 reddi:
531 375 568 416 si
585 376 665 435 qui
682 376 946 419 vetustiores
965 375 1261 433 inveuientur‚
1282 389 1327 423 et

71 460 215 504 senes,
249 461 359 496 ante
390 465 534 495 annos
562 450 717 495 decem
747 450 974 505 damnati,
1003 450 1324 500 distribuamus

71 523 164 571 illos
187 530 236 573 in
266 545 324 575 ea
344 531 593 575 ministeria
609 564 623 585 ,
642 546 744 591 quae
765 546 855 575 non
875 530 1005 590 longe
1023 546 1051 575 a
1068 547 1202 591 poena
1219 535 1320 578 sint.

72 601 218 652 Solent
230 609 359 652 enim
375 607 596 668 ejusmodi
615 607 673 652 ad
693 606 946 663 balineum,
957 607 1021 662 >ad
1039 610 1324 673 purgationes

76 677 327 730 cloacarum
339 719 352 740 ,
385 686 497 730 item
525 686 796 730 munitiones
827 688 1003 730 viarum
1037 698 1084 732 et
1121 687 1324 731 vicorum

77 755 183 804 dari.

599 1037 787 1089 XLII.

344 1190 651 1265 PLINIUS
686 1190 1045 1235 TRAJANO.

118 1329 364 1392 Golleyium
373 1329 615 1394 flabrorum
635 1331 902 1376 Nicomediae
919 1332 1270 1378 constituendum

579 1410 801 1469 proponit.
866 1428 871 1432 ·

130 1552 277 1611 Quum
298 1548 523 1594 diversam
541 1559 719 1608 partem
734 1549 978 1608 provincias
1003 1551 1313 1608 circumirem,

76 1629 339 1675 Nicomediae
352 1628 657 1673 vastissimum
670 1627 927 1672 incendium
942 1627 1106 1674 multas
1123 1632 1315 1689 privato-

80 1720 174 1751 rum
190 1705 344 1751 domos
358 1740 370 1761 ,
391 1716 437 1750 et
448 1704 541 1749 duo
560 1703 742 1764 publica
760 1718 897 1765 opera
912 1739 925 1760 ,
946 1721 1224 1766 quamquam
1241 1709 1315 1751 via

78 1783 353 1843 interjacente
366 1817 379 1836 ,
403 1783 623 1826 Gerusian
647 1792 692 1826 et
704 1784 827 1826 Isson
842 1817 854 1837 ,
870 1781 1130 1842 absumpsit.
1150 1786 1226 1827 Est
1239 1798 1316 1827 au·

78 1871 160 1906 tem
169 1861 299 1907 latius
313 1874 522 1921 sparsum
535 1893 547 1912 ‚
563 1859 760 1918 primum
770 1856 979 1904 violentia
990 1859 1111 1903 venti
1124 1891 1136 1910 ,
1152 1857 1314 1905 deinde

79 1940 227 1985 inertia
239 1939 480 1984 hominum
497 1954 510 1990 ;
532 1935 656 1997 quod
669 1938 773 1981 satis
788 1948 977 1991 constat,
993 1937 1156 1980 otiosos
1171 1945 1214 1978 et
1228 1937 1314 1979 im-

79 2016 255 2061 mobiles
268 2015 380 2061 tanti
396 2012 504 2058 mali
519 2023 786 2073 spectatores
801 2014 1045 2073 perstitisse
1060 2028 1070 2055 :
1089 2023 1134 2055 et
1146 2007 1315 2071 alioqui
1372 2014 1378 2070 J

81 2094 216 2141 nullus
224 2109 418 2157 usquam
427 2095 472 2137 in
481 2089 665 2152 publico
675 2090 821 2153 sipho,
833 2089 958 2135 nulla
969 2089 1121 2144 hama,
1138 2087 1318 2137 nullum.

79 2172 258 2238 denique
282 2176 635 2221 instrumentum
655 2170 715 2217 ad
739 2168 947 2216 incendia
972 2167 1311 2229 compescenda.
