1650 2550
371 187 714 238 TRAJANO
749 189 1049 239 DICTUS.
1251 190 1334 246 3ίμ

51 284 311 332 sularibus
323 284 462 346 digna
480 298 612 333 sunt:
631 290 694 332 ita
707 301 938 332 versemur
956 288 1001 330 in
1018 280 1274 346 repuinca,
1292 297 1343 330 ut

53 364 325 410 credamus
352 379 447 409 esse
469 365 800 426 rempublicam
820 380 833 409 ε
854 380 945 410 non
969 361 1208 409 consilium
1232 377 1344 407 nos-

53 453 225 497 trum,
263 457 358 487 non
391 457 578 503 operam
609 441 955 496 subtrahamus3
990 456 1072 486 nec
1107 436 1344 485 defunctos

56 535 183 575 nos,
220 531 271 565 et
304 521 436 579 quasi
465 520 670 566 dimissos
700 518 964 574 consulatu,
994 518 1073 564 sed
1103 518 1234 579 quasi
1256 516 1344 561 ad*

60 600 265 644 strictos
289 609 337 642 et
357 596 589 644 devinctos
610 609 848 659 putemus3
873 596 1176 656 eumdemque
1195 594 1346 639 locum

57 672 251 721 laboris
274 685 322 719 et
339 689 484 730 curae,
505 691 644 737 quem
665 677 926 720 reverentiae
944 673 1263 734 dignitatisque
1285 684 1348 718 te·

57 767 287 797 neamus.

131 829 313 875 XCIV.
346 831 400 873 IN
422 827 512 873 fine
541 831 782 885 orationis,
805 828 1019 890 praesides
1050 826 1348 888 custodesque

59 907 263 968 imperii
284 904 397 951 deos
415 920 498 965 ego
515 906 670 951 consul
697 922 781 967 pro
803 906 939 952 rebus
964 904 1200 959 humanis,
1225 919 1278 949 ac
1303 912 1348 949 te

57 987 314 1045 precipue
325 1018 339 1039 ,
359 983 612 1044 Capitoline
632 986 827 1044 Jupiter,
847 998 1024 1044 precor,
1046 995 1100 1028 ut
1119 981 1348 1028 beneficiis

58 1066 160 1109 tuis
177 1063 339 1108 faveas
353 1094 368 1115 ,
393 1064 619 1124 tantisque
637 1062 903 1108 muneribus
916 1061 1056 1107 addas
1069 1063 1350 1123 perpetuita-

58 1152 182 1187 tem.
198 1138 382 1185 Audisti
396 1155 498 1200 quae
511 1140 631 1185 malo
644 1138 1171 1201 principiprecabamur3
1186 1138 1349 1184 exaudi

59 1236 176 1283 quae
191 1233 283 1281 pro
299 1216 600 1262 dissimillimo
613 1229 839 1279 optamus.
857 1218 956 1260 Non
975 1227 1020 1261 te
1034 1217 1347 1278 distringimus

58 1300 189 1343 votis
209 1314 222 1342 :
262 1310 359 1340 non
392 1296 514 1340 enim
552 1310 710 1357 pacem
723 1330 735 1350 ,
773 1310 867 1340 non
901 1294 1190 1340 concordiam
1203 1330 1216 1350 ,
1255 1310 1347 1339 non

61 1376 372 1420 securitatem
385 1406 398 1427 ,
418 1387 510 1417 non
527 1388 635 1435 opes
654 1388 838 1418 oramus
850 1406 863 1426 ,
883 1387 972 1416 non
992 1372 1184 1418 honores
1207 1390 1217 1419 z
1240 1374 1349 1417 sim-

61 1450 178 1513 plez
199 1459 461 1509 cunctaque
479 1449 563 1492 ista
582 1448 868 1509 complexum
887 1464 1032 1493 unum
1049 1451 1253 1494 omnium
1273 1464 1347 1494 vo-

65 1541 181 1575 tum
208 1537 306 1582 est,
330 1522 458 1569 salus
485 1527 712 1588 principis.
737 1527 829 1571 Nec
860 1542 968 1578 vero
991 1542 1155 1572 novam
1176 1526 1260 1570 tibi
1279 1528 1350 1570 in—

61 1605 319 1666 jungimus
336 1616 511 1647 curam.
535 1604 608 1647 Tu
626 1606 745 1648 enim
764 1603 861 1663 jam
882 1616 992 1650 tunc
1012 1604 1142 1649 illum
1163 1606 1212 1647 in
1230 1615 1351 1649 tute-⁸

64 1683 169 1727 lam
189 1681 431 1741 recepisti,
456 1694 601 1741 quum
625 1680 852 1741 praedonis
874 1682 1120 1727 avidissimi
1141 1680 1349 1727 faucibus

70 1760 308 1821 eripuisti.
338 1759 500 1818 Neque
530 1759 652 1802 enim
680 1761 775 1803 siue
797 1757 963 1804 auxilio
988 1771 1091 1812 tuo,
1125 1773 1267 1818 quum
1291 1757 1353 1803 al·

71 1839 257 1885 tissima
295 1850 491 1898 quaeque
536 1847 849 1897 quaterentur,
885 1836 961 1882 hic
976 1870 988 1890 ,
1023 1837 1102 1895 qui
1136 1836 1353 1882 omnibus

76 1913 304 1962 excelsior
331 1926 456 1967 erat,
487 1914 777 1959 inconcussus
800 1916 936 1959 stetit.
960 1913 1213 1958 Praeteritns
1236 1925 1302 1959 est
1323 1927 1351 1959 a

73 1995 281 2056 pessimo
320 1992 526 2053 principe
539 2026 552 2046 ,
589 1993 668 2051 qui
699 1992 918 2052 praeteriri
950 1990 1010 2035 ab
1049 1992 1222 2051 optimo
1258 2005 1351 2036 non

79 2072 254 2133 potuit.
296 2071 369 2114 Tu
401 2068 521 2114 clara
545 2067 704 2127 judicii
732 2071 797 2114 tui
828 2071 953 2129 signa
984 2069 1173 2124 misisti,
1205 2084 1352 2131 quum

83 2147 392 2210 proficiscenti
410 2145 472 2192 ad
488 2146 734 2191 exercitum
753 2157 833 2192 tuo
853 2147 1034 2191 nomine
1046 2180 1058 2203 ,
1080 2157 1161 2192 tuo
1179 2129 1352 2192 honore
