1650 2550
590 183 813 229 LIBER
848 186 1009 232 vul.
1376 203 1434 249 ¹9

191 283 238 317 ut
257 271 455 322 flexerint
480 291 691 333 cursum,
722 276 927 324 laborem
961 279 1079 335 otio,
1108 281 1253 326 otium
1274 277 1433 326 labore

190 354 366 399 variare.
383 355 508 416 Ripoe
521 355 695 401 fraxino
709 355 856 402 multa
868 391 882 412 ,
897 356 1040 403 multa
1052 358 1225 419 populo
1239 360 1435 404 vestiun-

192 440 277 485 tur;
300 446 412 493 quas
439 435 707 495 perspicuus
733 437 906 491 amnis,
934 434 1060 481 velut
1081 451 1247 482 mersas
1262 471 1275 490 ‚
1298 436 1435 484 viridi

194 507 373 568 imagine
387 509 671 556 adnumerat.
687 513 825 572 Rigor
838 527 969 574 aquae
978 513 1214 558 certaverit
1226 512 1434 567 nivibus3

192 600 260 631 nec
283 586 407 632 color
426 586 563 634 oedit.
588 588 776 648 Adjaeet
797 587 1019 651 templum
1042 591 1241 650 priscum
1264 603 1309 636 et
1329 589 1436 636 reli-

191 663 365 721 giosum.
402 666 501 710 Stat
531 663 791 710 Clitumnus
820 667 918 727 ipse
940 667 1131 712 amictus
1158 679 1436 729 ornatusque

191 753 402 799 poetexta.
427 739 629 787 Praesens
647 757 817 788 numen
831 778 844 799 ‚
861 754 999 805 atque
1017 744 1154 789 etiam
1172 742 1408 789 fatidicum
1419 778 1433 799 ,

189 817 373 864 iudicant
387 829 547 864 sortes.
568 821 731 881 Sparsa
747 831 853 865 sunt
866 821 985 865 circa
1001 819 1160 865 sacella
1174 819 1408 881 complura
1419 855 1435 876 ,

189 894 455 957 totidemque
483 894 586 941 dei:
616 911 698 941 sua
724 897 889 957 cuique
915 900 1169 951 veneratio,
1196 913 1331 942 suum
1353 912 1438 943 no-

186 986 303 1029 men3
321 972 606 1035 quibusdam
629 988 739 1019 vero
768 975 905 1019 etiam
940 971 1100 1027 fontes.
1132 976 1248 1019 Nam
1269 986 1437 1036 praeter

184 1047 303 1095 illum
333 1052 468 1112 quasi
500 1063 736 1111 parentem
772 1051 1066 1102 caeterorum,
1100 1062 1205 1096 sunt
1240 1053 1438 1096 minores

182 1129 319 1187 cupite
341 1125 553 1180 disereti;
578 1126 658 1172 sed
679 1125 857 1172 flumini
877 1128 1138 1182 miscentur,
1159 1127 1286 1188 quod
1301 1138 1439 1187 ponte

180 1204 515 1249 transmittitur.
538 1205 582 1249 Is
604 1205 823 1249 terminus
848 1205 962 1248 sacri
981 1200 1271 1265 profanique.
1296 1206 1347 1248 ln
1371 1219 1441 1249 su-

178 1282 353 1341 periore
371 1292 504 1342 parte
524 1283 736 1343 navigare
760 1292 965 1336 tantum,
985 1279 1105 1326 infra
1128 1284 1266 1327 etiam
1284 1293 1439 1327 natare

175 1371 453 1403 conoessum.
496 1356 732 1404 Balineum
768 1357 1060 1419 Hispellates,
1102 1357 1270 1418 quibus
1309 1356 1441 1405 illum

174 1431 327 1480 locum
334 1435 483 1479 Divus
493 1434 719 1496 Augustus
728 1434 851 1479 douo
860 1434 1001 1490 dedit,
1014 1433 1199 1496 publice
1211 1434 1415 1496 praebent
1425 1469 1440 1491 ‚

172 1510 381 1571 prebent
406 1522 454 1556 et
474 1509 740 1572 hospitium.
770 1514 864 1556 Nec
882 1510 1046 1556 desunt
1066 1508 1207 1566 villae,
1240 1526 1344 1572 quae
1365 1526 1441 1556 se·-

174 1603 331 1652 quntae
348 1588 553 1634 fluminis
569 1592 876 1636 amoenitatem
893 1624 907 1644 ,
926 1590 1120 1652 margini
1139 1590 1365 1634 insistunt.
1387 1591 1441 1635 In

177 1681 386 1722 summa,
410 1666 526 1713 nihil
547 1669 632 1714 erit
655 1684 707 1713 ex
730 1683 823 1729 quo
850 1682 941 1712 non
965 1668 1117 1728 capias
1133 1666 1437 1728 voluptatem:

178 1761 284 1790 unm
317 1744 523 1791 studebis
554 1761 739 1808 quoque
752 1780 766 1800 ,
798 1757 845 1791 et
874 1744 993 1806 leges
1022 1743 1165 1791 multa
1192 1742 1444 1790 multorum

180 1822 395 1869 omnibns
417 1820 641 1869 columnis
659 1857 672 1879 ‚
695 1822 905 1870 omnibus
926 1821 1175 1883 parietibus
1201 1822 1441 1882 inscripta,

180 1901 349 1961 quibus
371 1899 475 1946 fons
500 1899 575 1947 ille
596 1900 800 1963 deusque
822 1899 1092 1947 celebratur.
1118 1899 1251 1945 Plura
1279 1898 1444 1944 lauda-

180 1976 280 2034 bis,
313 1978 537 2025 nonnulla
564 1978 735 2025 ridebis
744 1996 759 2034 ;
792 1994 1074 2042 quamquam
1101 1990 1151 2026 tu
1182 1993 1314 2034 vero,
1342 1992 1447 2040 quae

184 2066 261 2102 ma
279 2056 546 2104 hnmanitas
559 2090 574 2114 ,
594 2054 723 2103 nulia
740 2056 926 2103 ridebis.
948 2055 1078 2103 Vale.
