1650 2550
536 223 754 269 LIBER
790 225 846 268 X.
1241 238 1317 285 ¹71

65 379 739 401 mmmmmm

938 381 1312 401 mmm

612 504 654 553 L
665 503 715 553 X
729 504 791 552 V.

342 650 728 696 TRAJANUS
765 651 1042 695 PLINIO.

147 791 485 854 lie-scripturum
504 804 553 834 se
581 792 798 851 promittit
809 823 824 843 ‚
858 789 936 834 ubi
952 788 1237 835 consuluerit.

127 935 256 992 Qum
279 934 330 977 in
348 944 591 992 personam
608 945 764 975 eorum
787 930 1076 976 statuendum
1095 932 1176 986 sit,
1197 934 1322 995 quia

73 1010 230 1056 Publio
252 1007 441 1054 Servilio
464 1007 604 1053 Calvo
627 1007 893 1068 proconsule
917 1010 963 1051 in
988 1012 1228 1055 triennium
1250 1026 1322 1055 re-

74 1087 200 1149 legati
218 1122 232 1143 ‚
255 1101 301 1133 et
328 1103 431 1132 mox
457 1086 660 1146 ejusdem
682 1085 827 1131 edicto
858 1087 1050 1130 restituti
1071 1088 1117 1130 in
1138 1092 1321 1148 provin..

75 1170 141 1212 cia
166 1177 505 1220 remanserunt,
537 1180 737 1225 proxume
768 1164 850 1209 tibi
882 1164 1151 1221 rescribam,
1179 1183 1322 1229 quum

79 1261 227 1292 musas
247 1245 383 1305 hujus
406 1244 514 1291 facti
536 1259 564 1289 a
586 1244 723 1290 Calvo
750 1242 1012 1305 requisiero,
1035 1245 1123 1303 Qui
1145 1261 1171 1290 a
1199 1246 1320 1293 Julio

81 1326 206 1370 Basso
227 1327 271 1368 in
293 1336 567 1385 perpetuum
591 1321 809 1381 relegatus
832 1332 918 1376 est,
944 1335 1086 1381 quum
1103 1337 1184 1381 per
1202 1323 1324 1370 bien-

84 1404 204 1447 nium
224 1401 387 1462 agendi
417 1400 679 1446 facuitatem
710 1399 920 1444 habuerit
937 1432 950 1454 ,
979 1400 1017 1442 si
1047 1401 1326 1449 existimabat

87 1494 131 1524 se
155 1481 314 1540 injuria
346 1477 593 1538 relegatum
612 1511 625 1533 ,
651 1493 799 1538 neque
826 1476 874 1522 id
904 1476 1083 1533 fecerit,
1115 1491 1249 1541 atque
1278 1481 1327 1524 iu

89 1558 308 1617 provincia
335 1557 507 1601 morari
528 1556 880 1616 perseveraverit
896 1589 908 1609 ,
932 1556 1105 1602 vinctus
1127 1558 1244 1602 mitti
1269 1557 1329 1602 ad

89 1635 311 1693 praefectos
328 1634 529 1694 praetorii
543 1635 632 1677 mei
655 1632 804 1678 debet.
822 1635 981 1695 Neque
1006 1638 1125 1680 enim
1138 1634 1325 1692 sufficit,

91 1726 188 1758 eum
203 1727 350 1774 poenae
371 1727 465 1758 ωε
482 1712 684 1766 restitui,
703 1725 842 1772 quem
863 1714 1145 1759 contumacia
1162 1710 1309 1758 elusit.

1047 2239 1117 2269 1².
