1650 2550
316 193 404 239 270
670 175 1211 222 PANEcYnicns

312 270 564 315 domesticis
581 284 729 330 grave.
749 272 910 330 ltaque
931 267 1017 314 iilis
1034 270 1295 329 irrogatum
1314 281 1408 325 est,
1424 269 1497 314 his
1517 285 1583 315 re-
1647 271 1648 274 ’

312 349 529 392 missum:
562 346 769 392 videlicet
793 347 920 408 quod
949 346 1245 391 manifestum
1274 360 1379 392 erat
1413 359 1583 408 quanto

313 438 421 469 cum
442 422 599 469 dolore
620 422 754 469 laturi
768 458 781 477 ,
808 439 887 468 seu
907 425 1057 483 potius
1085 439 1179 467 non
1203 424 1351 468 laturi
1378 423 1582 468 homines

316 512 486 552 essent,
504 500 718 561 destringi
740 498 914 560 aliquid
932 512 977 544 et
996 499 1154 544 abradi
1175 499 1314 544 bonis
1333 535 1348 555 ‚
1369 517 1475 562 quae
1492 515 1586 543 san-

319 580 455 639 guine
471 612 484 632 ‚
499 578 744 638 gentilitate
757 613 769 632 ‚
794 592 1025 623 sacrorum
1038 577 1242 638 denique
1256 581 1475 624 societate
1493 594 1584 622 me-

319 658 538 707 ruissent,
563 671 754 716 quaeque
774 669 1011 715 nunquam
1032 666 1083 698 ut
1096 654 1249 699 aliena
1264 666 1312 699 et
1329 653 1555 715 speranda
1569 688 1583 707 ‚

319 732 400 778 sed
416 745 464 778 ut
478 748 558 777 sua
569 747 838 794 semperque
849 747 1049 793 possessa
1061 766 1074 785 ,
1091 747 1143 778 ac
1152 732 1374 793 deinceps
1383 735 1586 794 proximo

323 811 485 869 cuique
505 808 843 855 transmittenda
858 843 871 862 ‚
894 810 1129 868 cepissent.
1152 811 1261 853 Haec
1284 807 1588 853 mansuem-in

324 884 434 945 legis
464 875 689 931 veteribus
724 885 898 931 civibus
933 884 1215 931 servabatur,
1246 887 1368 930 Novi
1403 901 1482 929 seu
1513 898 1590 945 per

327 964 508 1007 Latium
525 963 572 1006 in
589 963 812 1008 civitatem
825 996 839 1015 ‚
864 977 941 1006 seu
960 960 1182 1006 beneficio
1198 963 1426 1021 principis
1443 962 1592 1005 venis-

331 1050 427 1083 sent
439 1072 452 1092 ‚
472 1041 558 1084 nisi
572 1039 707 1084 simul
719 1041 993 1100 cognationis
1007 1038 1113 1097 jura
1127 1040 1454 1099 impetrassent
1465 1073 1480 1093 ,
1495 1036 1593 1082 alie·

331 1117 504 1160 nissimi
518 1115 819 1169 habcbantur,
839 1116 1006 1176 quibus
1019 1115 1381 1175 conjunctissimi
1403 1116 1590 1160 fumus.

334 1193 404 1238 lta
434 1196 678 1237 niaximum
712 1193 981 1238 beneficium
1009 1192 1273 1237 vertebatur
1299 1194 1345 1236 in
1384 1193 1591 1252 gravissi-

340 1285 459 1315 mam
475 1270 684 1331 injuriam
700 1304 713 1326 ,
726 1271 971 1331 civitasque
991 1271 1195 1317 Romana
1211 1270 1357 1316 instar
1370 1267 1592 1320 emodfi,

344 1359 388 1391 et
402 1346 635 1394 discordiae
646 1381 660 1400 ,
679 1360 723 1393 et
735 1347 939 1393 orbitatis
951 1380 964 1401 ‚
981 1361 1124 1407 quum
1140 1349 1378 1392 carissima
1394 1350 1592 1409 pigno-1,

343 1423 467 1469 salva
495 1427 697 1486 ipsorum
731 1429 897 1487 pietate
926 1424 1212 1471 distraheret.
1247 1425 1594 1470 lnveniebsnm

341 1513 492 1548 tamen
506 1535 519 1555 ‚
540 1503 707 1563 quibus
728 1515 880 1548 tantus
892 1517 1021 1547 amor
1036 1503 1233 1546 nominis
1252 1504 1401 1547 nostri
1419 1505 1594 1555 inesset,

345 1591 398 1625 ut
416 1582 661 1624 Romanam
675 1582 803 1625 civita
810 1592 899 1626 tem
914 1595 1006 1624 non
1019 1579 1242 1624 vicesimae
1259 1579 1404 1624 modo
1420 1615 1435 1635 ,
1449 1592 1594 1625 verum

348 1659 484 1704 etiam
514 1655 784 1703 affinitatum
812 1657 980 1703 damno
1012 1657 1127 1701 bene
1155 1660 1448 1717 compensari
1483 1667 1595 1717 puta-

349 1747 475 1781 rent:
497 1734 576 1779 sed
593 1735 662 1778 his
683 1749 874 1779 maxume
891 1734 1085 1780 debebat
1101 1736 1299 1792 gratuita
1318 1737 1592 1793 contingere,

352 1828 382 1859 a
395 1813 560 1876 quibus
581 1824 669 1857 tam
684 1828 849 1871 magno
868 1813 1185 1858 aestimabatur.
1203 1813 1350 1871 Igitur
1361 1824 1494 1872 puter
1507 1822 1593 1855 tw
1647 1828 1648 1845 1

357 1893 500 1936 sanxit
512 1926 524 1947 ,
548 1904 598 1935 ut
615 1889 738 1951 qnod
756 1906 808 1934 ex
826 1893 981 1935 matris
998 1888 1056 1933 ad
1072 1887 1262 1943 liberos,
1286 1904 1341 1932 ex
1360 1887 1594 1933 liberorum
1647 1924 1648 1935 ,

358 1966 491 2012 bonis
508 1968 779 2025 pervenisset
793 1966 852 2010 ad
871 1978 1060 2010 matrem
1075 1998 1087 2016 ,
1101 1966 1277 2009 euamsi
1291 1967 1593 2024 cogn-tionum
1647 1968 1648 2017 ἶ

354 2040 456 2099 jura
476 2055 567 2084 non
588 2042 877 2099 recepissent,
899 2057 1041 2102 quum
1063 2042 1287 2085 civitatem
1311 2043 1593 2101 adipiscem-

364 2128 456 2170 ιω,
478 2117 575 2176 ejus
591 2117 850 2162 vicesimam
873 2133 929 2163 ne
951 2117 1128 2164 darent.
1151 2117 1373 2164 Eandem
1393 2117 1594 2164 muni·
