1650 2550
329 202 412 246 150
646 204 701 247 C.
737 204 983 250 PLINII
1018 206 1256 251 EPIST.

320 289 569 336 admodum
590 295 811 348 evenerit,
836 306 888 340 ut
908 297 1078 356 poenis,
1102 299 1150 342 in
1171 313 1288 359 quas
1311 298 1406 344 dati
1425 311 1583 357 erant,

321 364 676 423 exsolvereptur:
699 382 744 415 et
765 385 848 429 ego
866 374 1049 431 quaesivi
1065 407 1077 426 ‚
1103 372 1184 417 sed
1211 374 1331 419 nihil
1353 374 1585 437 compet-{5

319 442 443 502 quod
461 436 664 491 affit'hare
684 446 768 492 tibi
780 463 982 508 possum.
1000 451 1063 494 Ut
1077 450 1260 497 decreta
1276 453 1445 511 quibus
1457 453 1588 498 dam-

320 523 415 565 nati
440 535 592 578 erant,
612 526 983 585 proferebantur:
1010 530 1072 573 ita
1099 528 1229 575 nulla
1257 545 1583 587 monumenta,

320 598 486 659 quibus
512 601 688 651 liberati
708 605 1028 666 probarentur.
1044 609 1186 654 Erant
1207 621 1366 657 tamen
1380 646 1392 667 ,
1413 613 1496 671 qui
1514 610 1587 656 di·

320 689 473 724 cerem
483 712 495 732 ,
511 678 799 739 deprecantes
808 683 939 742 jussu
949 685 1297 744 proconsulum,
1313 687 1586 749 legatorum-

321 770 375 799 ve
397 753 616 801 dimissos.
649 759 860 808 Addebat
876 761 1037 819 fidem,
1062 765 1191 826 quod
1211 767 1441 814 credibile
1463 780 1586 823 erat,

320 836 545 879 neminem
563 834 649 881 hoc
667 852 831 885 ausum
854 843 949 887 sine
969 854 1169 888 auctore.

324 1006 1590 1038 mmmmm

867 1148 1024 1199 XLI.

598 1308 987 1354 TRAJANUS
1022 1311 1303 1357 PLINIO.

323 1457 582 1503 Reddendus
607 1439 753 1520 paenie
777 1460 997 1523 quosdam
1027 1469 1198 1506 censet:
1217 1464 1454 1524 quosdam
1489 1480 1591 1512 ver-0

462 1536 725 1590 minssteriss,
741 1552 833 1582 non
846 1534 1007 1600 procul
1021 1553 1049 1582 a
1062 1538 1222 1601 poeru'S‚
1242 1539 1443 1587 dandoe.

383 1683 649 1727 Memmius
661 1716 674 1738 ,
696 1681 867 1728 idcirco
888 1694 932 1729 te
949 1684 999 1727 in
1018 1685 1150 1728 istam
1166 1686 1461 1743 provinciam
1480 1692 1592 1736 miz-

323 1774 440 1814 sum,
456 1760 669 1821 quoniam
678 1758 822 1804 multa
833 1760 879 1804 in
895 1774 948 1805 ea
957 1759 1239 1806 emendanda
1252 1769 1585 1823 apparuerint:

323 1841 407 1883 erit
440 1850 592 1883 autem
620 1836 693 1882 vel
722 1836 808 1882 hoc
836 1839 1029 1883 maxime
1060 1838 1410 1899 corrigendum,
1459 1845 1587 1905 quod

324 1918 402 1977 qui
424 1915 622 1960 damnati
649 1913 707 1958 ad
728 1929 910 1975 poenam
932 1927 1061 1960 erant
1075 1950 1088 1971 ‚
1124 1931 1212 1960 non
1236 1916 1378 1962 modo
1406 1935 1466 1964 ea
1490 1923 1585 1966 siue

317 2006 528 2048 auctore,
550 2005 601 2039 ut
614 1993 794 2048 scribis»,
810 1992 987 2038 liberati
1002 2007 1105 2039 sum
1116 2012 1130 2049 ;
1146 1994 1225 2039 sed
1243 1998 1384 2041 etiam
1406 1999 1455 2042 in
1473 2015 1583 2045 con-

323 2069 540 2114 ditionem
560 2069 809 2129 proborum
826 2072 1137 2116 ministrorum
1160 2072 1473 2121 retrahamur.
1493 2079 1583 2138 Qui

322 2147 459 2205 igitur
479 2150 595 2193 intra
621 2147 704 2191 hos
726 2150 954 2209 proximos
984 2149 1144 2198 decem
1163 2167 1306 2198 annos
1335 2152 1576 2212 damnati,
