1650 2550
265 164 320 194 υ
591 150 644 194 C.
681 150 929 195 Plel
963 149 1191 195 EPIST.

260 252 308 284 et
324 254 415 286 non
434 240 604 286 subitas
621 243 839 300 imagines
861 239 1113 285 relicturus.
1138 241 1399 286 Nascantur
1421 255 1563 287 mo-

262 316 323 363 do
336 352 349 372 ,
365 329 411 363 et
428 318 548 364 hunc
562 332 769 366 nostrum
781 317 987 364 dolorem
999 317 1166 379 gaudio
1182 329 1379 364 mutent.
1396 317 1562 366 Vale.

1428 492 1551 512 m

841 620 943 671 XI.

568 778 958 824 HISPULLAE
992 778 1145 821 SUAE
1181 778 1225 821 S.

338 928 660 990 Fabatifiliam
680 931 855 993 pariter
871 943 956 991 pro
983 927 1143 973 abortu
1164 928 1317 973 uxoris
1341 927 1496 974 solari

821 1014 978 1051 tentat.

337 1167 485 1226 Quum
507 1164 723 1211 affectum
744 1176 877 1211 tuum
898 1179 1005 1227 erga
1025 1163 1178 1211 fratris
1199 1163 1344 1210 filiam
1366 1169 1533 1229 cogito
1547 1203 1565 1225 ‚

277 1246 416 1291 etiam
447 1255 651 1291 materna
689 1242 968 1304 indulgentia
1009 1240 1265 1289 molliorem
1290 1278 1303 1299 ‚
1343 1244 1572 1309 intelligo

280 1326 405 1385 prius
440 1322 549 1378 tihi,
586 1321 711 1386 quod
742 1334 810 1369 est
840 1323 1091 1383 posterius,
1124 1321 1431 1368 nuntiandum
1446 1359 1463 1380 ,
1504 1338 1564 1373 ut

279 1414 556 1463 praesumpta
582 1400 736 1447 laetitia
770 1399 1061 1445 sollicitudini
1093 1398 1244 1446 locum
1276 1416 1368 1445 non
1402 1402 1567 1450 relin-

282 1492 415 1541 quat:
454 1495 738 1542 quamquam
775 1493 933 1536 vereor
963 1495 1020 1525 ne
1058 1490 1161 1540 post
1196 1478 1567 1540 gratulationem

284 1572 468 1621 quoqne
492 1558 537 1601 in
558 1567 729 1601 metum
751 1555 910 1600 redeas
923 1590 936 1611 ‚
960 1567 1098 1617 atque
1121 1556 1182 1601 ita
1204 1555 1405 1619 gaudeas
1426 1562 1569 1619 peri·

284 1636 388 1684 culo
406 1634 669 1689 liberatam,
692 1646 744 1679 ut
762 1633 899 1679 simul
915 1633 1041 1696 quod
1061 1633 1313 1696 periclitata
1337 1636 1422 1691 sit,
1446 1650 1570 1698 pen-

285 1713 532 1760 horrescas.
552 1715 657 1757 Jam
671 1711 827 1757 hilaris
841 1746 853 1767 ,
865 1712 962 1772 jam
980 1711 1067 1758 sibi
1079 1746 1093 1768 ,
1104 1712 1201 1771 jam
1214 1710 1331 1757 mihi
1343 1711 1538 1762 reddita
1549 1751 1565 1773 ,

286 1794 443 1853 incipit
461 1790 585 1836 refici
597 1824 611 1846 ,
631 1791 1036 1852 transmissumque
1058 1789 1301 1836 discrimen
1317 1791 1566 1840 convales-

288 1869 431 1915 cendo
452 1871 619 1914 metiri.
641 1870 747 1913 Fuit
765 1867 933 1929 alioqui
958 1882 1137 1913 summo
1154 1866 1414 1914 discrimine
1432 1873 1452 1927 (
1468 1872 1570 1918 im-

288 1962 411 2009 pune
436 1947 598 1992 dixisse
625 1945 784 2004 liceat)
800 1980 814 2001 ,
845 1944 935 1990 fuit
959 1943 1084 1990 nulla
1111 1960 1193 1990 sua
1218 1943 1380 2006 culpa,
1413 1951 1568 1996 matis

291 2025 459 2087 aliqua.
486 2025 596 2070 lude
619 2024 831 2079 abortus,
851 2036 897 2070 et
918 2025 1110 2083 ignorati
1132 2024 1247 2069 uteri
1270 2029 1395 2070 triste
1417 2038 1563 2085 expe-

293 2103 554 2148 rimentum.
580 2099 799 2155 Proinde,
827 2100 912 2146 etsi
932 2114 1026 2144 nou
1045 2099 1233 2159 contigit
1269 2098 1352 2145 tibi
1373 2098 1565 2149 deside-
