<?xml version="1.0" encoding="UTF-8"?>
<!DOCTYPE html PUBLIC "-//W3C//DTD XHTML 1.0 Transitional//EN"
    "http://www.w3.org/TR/xhtml1/DTD/xhtml1-transitional.dtd">
<html xmlns="http://www.w3.org/1999/xhtml" xml:lang="en" lang="en">
 <head>
  <title>
</title>
<meta http-equiv="Content-Type" content="text/html;charset=utf-8" />
  <meta name='ocr-system' content='tesseract 3.04.00' />
  <meta name='ocr-capabilities' content='ocr_page ocr_carea ocr_par ocr_line ocrx_word'/>
</head>
<body>
  <div class='ocr_page' id='page_1' title='image "./cpliniicaeclili00rivigoog_0173.png"; bbox 0 0 1650 2550; ppageno 0'>
   <div class='ocr_carea' id='block_1_1' title="bbox 536 234 1326 282">
    <p class='ocr_par' dir='ltr' id='par_1_1' title="bbox 536 234 1326 282">
     <span class='ocr_line' id='line_1_1' title="bbox 536 234 1326 282; baseline 0.001 -3"><span class='ocrx_word' id='word_1_1' title='bbox 536 234 760 279; x_wconf 84' lang='lat' dir='ltr'><strong>LIBER</strong></span> <span class='ocrx_word' id='word_1_2' title='bbox 800 237 855 280; x_wconf 84' lang='lat' dir='ltr'>X.</span> <span class='ocrx_word' id='word_1_3' title='bbox 1243 236 1326 282; x_wconf 82' lang='lat'>165</span> 
     </span>
    </p>
   </div>
   <div class='ocr_carea' id='block_1_2' title="bbox 77 325 1391 389">
    <p class='ocr_par' dir='ltr' id='par_1_2' title="bbox 77 325 1391 389">
     <span class='ocr_line' id='line_1_2' title="bbox 77 325 1391 389; baseline 0.004 -20"><span class='ocrx_word' id='word_1_4' title='bbox 77 325 204 371; x_wconf 75' lang='lat' dir='ltr'>nuda</span> <span class='ocrx_word' id='word_1_5' title='bbox 217 338 286 372; x_wconf 77' lang='lat' dir='ltr'>est</span> <span class='ocrx_word' id='word_1_6' title='bbox 301 328 445 387; x_wconf 76' lang='lat' dir='ltr'>igitur</span> <span class='ocrx_word' id='word_1_7' title='bbox 458 326 660 387; x_wconf 81' lang='lat' dir='ltr'>probitas</span> <span class='ocrx_word' id='word_1_8' title='bbox 676 343 837 373; x_wconf 87' lang='lat' dir='ltr'>eorum</span> <span class='ocrx_word' id='word_1_9' title='bbox 849 362 862 383; x_wconf 92' lang='lat'><strong><em>‚</em></strong></span> <span class='ocrx_word' id='word_1_10' title='bbox 876 339 929 373; x_wconf 89' lang='lat' dir='ltr'>ut</span> <span class='ocrx_word' id='word_1_11' title='bbox 941 329 1037 389; x_wconf 83' lang='lat' dir='ltr'>jam</span> <span class='ocrx_word' id='word_1_12' title='bbox 1052 343 1171 374; x_wconf 88' lang='lat' dir='ltr'>nunc</span> <span class='ocrx_word' id='word_1_13' title='bbox 1190 330 1332 374; x_wconf 77' lang='lat' dir='ltr'>sciant</span> <span class='ocrx_word' id='word_1_14' title='bbox 1376 329 1391 386; x_wconf 74' lang='lat'><em>3</em></span> 
     </span>
    </p>
   </div>
   <div class='ocr_carea' id='block_1_3' title="bbox 79 400 1329 544">
    <p class='ocr_par' dir='ltr' id='par_1_3' title="bbox 79 400 1329 544">
     <span class='ocr_line' id='line_1_3' title="bbox 79 400 1329 467; baseline 0.002 -19"><span class='ocrx_word' id='word_1_15' title='bbox 79 400 171 458; x_wconf 73' lang='lat' dir='ltr'>hoc,</span> <span class='ocrx_word' id='word_1_16' title='bbox 190 403 320 467; x_wconf 85' lang='lat' dir='ltr'>quod</span> <span class='ocrx_word' id='word_1_17' title='bbox 340 406 626 466; x_wconf 82' lang='lat' dir='ltr'>inspecturus</span> <span class='ocrx_word' id='word_1_18' title='bbox 639 421 703 461; x_wconf 81' lang='lat' dir='ltr'>es,</span> <span class='ocrx_word' id='word_1_19' title='bbox 724 423 775 451; x_wconf 88' lang='lat' dir='ltr'>ex</span> <span class='ocrx_word' id='word_1_20' title='bbox 793 422 895 451; x_wconf 87' lang='lat' dir='ltr'>mea</span> <span class='ocrx_word' id='word_1_21' title='bbox 910 406 1140 453; x_wconf 78' lang='lat' dir='ltr'>voluntate</span> <span class='ocrx_word' id='word_1_22' title='bbox 1151 442 1165 464; x_wconf 90' lang='lat'><strong><em>‚</em></strong></span> <span class='ocrx_word' id='word_1_23' title='bbox 1181 407 1329 461; x_wconf 79' lang='lat' dir='ltr'>salvis,</span> 
     </span>
     <span class='ocr_line' id='line_1_4' title="bbox 79 482 1053 544; baseline 0.004 -19"><span class='ocrx_word' id='word_1_24' title='bbox 79 495 169 541; x_wconf 83' lang='lat' dir='ltr'>qnae</span> <span class='ocrx_word' id='word_1_25' title='bbox 185 482 376 538; x_wconf 81' lang='lat' dir='ltr'>habent,</span> <span class='ocrx_word' id='word_1_26' title='bbox 396 482 669 544; x_wconf 75' lang='lat' dir='ltr'>privilegiis,</span> <span class='ocrx_word' id='word_1_27' title='bbox 694 499 788 529; x_wconf 83' lang='lat' dir='ltr'>esse</span> <span class='ocrx_word' id='word_1_28' title='bbox 809 484 1053 529; x_wconf 82' lang='lat' dir='ltr'>facturum.</span> 
     </span>
    </p>
   </div>
   <div class='ocr_carea' id='block_1_4' title="bbox 82 635 359 658">
    <p class='ocr_par' dir='ltr' id='par_1_4' title="bbox 82 635 359 658">
     <span class='ocr_line' id='line_1_5' title="bbox 82 635 359 658; baseline 0.011 -5"><span class='ocrx_word' id='word_1_29' title='bbox 82 635 359 658; x_wconf 61' lang='lat' dir='ltr'>mmm</span> 
     </span>
    </p>
   </div>
   <div class='ocr_carea' id='block_1_5' title="bbox 361 637 651 656">
    <p class='ocr_par' dir='ltr' id='par_1_5' title="bbox 361 637 651 656">
     <span class='ocr_line' id='line_1_6' title="bbox 361 637 651 656; baseline 0 1894"><span class='ocrx_word' id='word_1_30' title='bbox 361 637 651 656; x_wconf 95' lang='lat' dir='ltr'> </span> 
     </span>
    </p>
   </div>
   <div class='ocr_carea' id='block_1_6' title="bbox 656 637 1325 658">
    <p class='ocr_par' dir='ltr' id='par_1_6' title="bbox 656 637 1325 658">
     <span class='ocr_line' id='line_1_7' title="bbox 656 637 1325 658; baseline 0 -2"><span class='ocrx_word' id='word_1_31' title='bbox 656 637 1325 658; x_wconf 58' lang='lat' dir='ltr'>mmmm</span> 
     </span>
    </p>
   </div>
   <div class='ocr_carea' id='block_1_7' title="bbox 590 756 813 807">
    <p class='ocr_par' dir='ltr' id='par_1_7' title="bbox 590 756 813 807">
     <span class='ocr_line' id='line_1_8' title="bbox 590 756 813 807; baseline -0.004 -1"><span class='ocrx_word' id='word_1_32' title='bbox 590 756 813 807; x_wconf 85' lang='lat' dir='ltr'><strong>LVIII.</strong></span> 
     </span>
    </p>
   </div>
   <div class='ocr_carea' id='block_1_8' title="bbox 343 907 1060 951">
    <p class='ocr_par' dir='ltr' id='par_1_8' title="bbox 343 907 1060 951">
     <span class='ocr_line' id='line_1_9' title="bbox 343 907 1060 951; baseline -0.001 0"><span class='ocrx_word' id='word_1_33' title='bbox 343 907 655 951; x_wconf 84' lang='lat' dir='ltr'>PLINIUS</span> <span class='ocrx_word' id='word_1_34' title='bbox 691 908 1060 951; x_wconf 78' lang='lat' dir='ltr'>TRAJANO.</span> 
     </span>
    </p>
   </div>
   <div class='ocr_carea' id='block_1_9' title="bbox 273 1049 1108 1115">
    <p class='ocr_par' dir='ltr' id='par_1_9' title="bbox 273 1049 1108 1115">
     <span class='ocr_line' id='line_1_10' title="bbox 273 1049 1108 1115; baseline -0.004 -20"><span class='ocrx_word' id='word_1_35' title='bbox 273 1052 362 1115; x_wconf 41' lang='lat' dir='ltr'>&#39;De</span> <span class='ocrx_word' id='word_1_36' title='bbox 382 1049 546 1112; x_wconf 82' lang='lat' dir='ltr'>templo</span> <span class='ocrx_word' id='word_1_37' title='bbox 571 1050 768 1112; x_wconf 78' lang='lat' dir='ltr'>quodam</span> <span class='ocrx_word' id='word_1_38' title='bbox 787 1049 1108 1110; x_wconf 66' lang='lat' dir='ltr'>transferendo.</span> 
     </span>
    </p>
   </div>
   <div class='ocr_carea' id='block_1_10' title="bbox 87 1189 1344 1955">
    <p class='ocr_par' dir='ltr' id='par_1_10' title="bbox 87 1189 1344 1955">
     <span class='ocr_line' id='line_1_11' title="bbox 142 1189 1334 1246; baseline -0.002 -8"><span class='ocrx_word' id='word_1_39' title='bbox 142 1194 266 1238; x_wconf 64' lang='lat' dir='ltr'>ANTE</span> <span class='ocrx_word' id='word_1_40' title='bbox 279 1191 528 1238; x_wconf 74' lang='lat' dir='ltr'>adventum</span> <span class='ocrx_word' id='word_1_41' title='bbox 548 1206 702 1236; x_wconf 88' lang='lat' dir='ltr'>meum</span> <span class='ocrx_word' id='word_1_42' title='bbox 715 1226 727 1246; x_wconf 92' lang='lat'>,</span> <span class='ocrx_word' id='word_1_43' title='bbox 747 1192 942 1235; x_wconf 79' lang='lat' dir='ltr'>Domine</span> <span class='ocrx_word' id='word_1_44' title='bbox 955 1225 968 1246; x_wconf 92' lang='lat'><strong><em>‚</em></strong></span> <span class='ocrx_word' id='word_1_45' title='bbox 988 1189 1334 1236; x_wconf 75' lang='lat' dir='ltr'>Nicomedenses</span> 
     </span>
     <span class='ocr_line' id='line_1_12' title="bbox 87 1269 1335 1332; baseline 0 -16"><span class='ocrx_word' id='word_1_46' title='bbox 87 1272 219 1331; x_wconf 79' lang='lat' dir='ltr'>priori</span> <span class='ocrx_word' id='word_1_47' title='bbox 236 1271 334 1319; x_wconf 80' lang='lat' dir='ltr'>foro</span> <span class='ocrx_word' id='word_1_48' title='bbox 353 1288 524 1317; x_wconf 84' lang='lat' dir='ltr'>novum</span> <span class='ocrx_word' id='word_1_49' title='bbox 543 1270 738 1332; x_wconf 79' lang='lat' dir='ltr'>adjicere</span> <span class='ocrx_word' id='word_1_50' title='bbox 756 1282 991 1331; x_wconf 83' lang='lat' dir='ltr'>coeperunt</span> <span class='ocrx_word' id='word_1_51' title='bbox 1003 1304 1016 1324; x_wconf 88' lang='lat'><strong>,</strong></span> <span class='ocrx_word' id='word_1_52' title='bbox 1037 1269 1163 1328; x_wconf 80' lang='lat' dir='ltr'>cujus</span> <span class='ocrx_word' id='word_1_53' title='bbox 1188 1271 1233 1316; x_wconf 89' lang='lat' dir='ltr'>in</span> <span class='ocrx_word' id='word_1_54' title='bbox 1254 1286 1335 1316; x_wconf 80' lang='lat' dir='ltr'>an-</span> 
     </span>
     <span class='ocr_line' id='line_1_13' title="bbox 89 1348 1336 1408; baseline 0 -15"><span class='ocrx_word' id='word_1_55' title='bbox 89 1348 187 1408; x_wconf 68' lang='lat' dir='ltr'>gulo</span> <span class='ocrx_word' id='word_1_56' title='bbox 205 1362 268 1396; x_wconf 72' lang='lat' dir='ltr'>est</span> <span class='ocrx_word' id='word_1_57' title='bbox 284 1350 402 1396; x_wconf 77' lang='lat' dir='ltr'>aedes</span> <span class='ocrx_word' id='word_1_58' title='bbox 416 1350 717 1394; x_wconf 75' lang='lat' dir='ltr'>vetustissima</span> <span class='ocrx_word' id='word_1_59' title='bbox 735 1349 897 1393; x_wconf 79' lang='lat' dir='ltr'>Matris</span> <span class='ocrx_word' id='word_1_60' title='bbox 908 1348 1083 1407; x_wconf 78' lang='lat' dir='ltr'>Magnae</span> <span class='ocrx_word' id='word_1_61' title='bbox 1094 1381 1106 1399; x_wconf 83' lang='grc'><em>,</em></span> <span class='ocrx_word' id='word_1_62' title='bbox 1130 1362 1208 1394; x_wconf 82' lang='lat' dir='ltr'>aut</span> <span class='ocrx_word' id='word_1_63' title='bbox 1227 1348 1336 1393; x_wconf 83' lang='lat' dir='ltr'>refi-</span> 
     </span>
     <span class='ocr_line' id='line_1_14' title="bbox 90 1424 1338 1487; baseline 0.002 -18"><span class='ocrx_word' id='word_1_64' title='bbox 90 1425 236 1472; x_wconf 79' lang='lat' dir='ltr'>cienda</span> <span class='ocrx_word' id='word_1_65' title='bbox 250 1462 263 1481; x_wconf 90' lang='lat'>,</span> <span class='ocrx_word' id='word_1_66' title='bbox 286 1438 367 1473; x_wconf 83' lang='lat' dir='ltr'>aut</span> <span class='ocrx_word' id='word_1_67' title='bbox 385 1425 726 1472; x_wconf 81' lang='lat' dir='ltr'>transferenda:</span> <span class='ocrx_word' id='word_1_68' title='bbox 752 1425 813 1469; x_wconf 90' lang='lat' dir='ltr'>ob</span> <span class='ocrx_word' id='word_1_69' title='bbox 833 1424 917 1469; x_wconf 89' lang='lat' dir='ltr'>hoc</span> <span class='ocrx_word' id='word_1_70' title='bbox 941 1427 1189 1486; x_wconf 65' lang='lat' dir='ltr'>proedpue,</span> <span class='ocrx_word' id='word_1_71' title='bbox 1215 1425 1338 1487; x_wconf 85' lang='lat' dir='ltr'>qnod</span> 
     </span>
     <span class='ocr_line' id='line_1_15' title="bbox 92 1502 1339 1566; baseline -0.002 -17"><span class='ocrx_word' id='word_1_72' title='bbox 92 1515 154 1549; x_wconf 63' lang='lat' dir='ltr'>at</span> <span class='ocrx_word' id='word_1_73' title='bbox 165 1505 301 1551; x_wconf 82' lang='lat' dir='ltr'>multo</span> <span class='ocrx_word' id='word_1_74' title='bbox 318 1505 574 1566; x_wconf 72' lang='lat' dir='ltr'>depressior</span> <span class='ocrx_word' id='word_1_75' title='bbox 591 1518 727 1564; x_wconf 86' lang='lat' dir='ltr'>opere</span> <span class='ocrx_word' id='word_1_76' title='bbox 746 1518 799 1547; x_wconf 92' lang='lat' dir='ltr'>eo</span> <span class='ocrx_word' id='word_1_77' title='bbox 818 1537 829 1556; x_wconf 94' lang='lat'>‚</span> <span class='ocrx_word' id='word_1_78' title='bbox 847 1502 971 1563; x_wconf 88' lang='lat' dir='ltr'>quod</span> <span class='ocrx_word' id='word_1_79' title='bbox 985 1519 1127 1564; x_wconf 78' lang='lat' dir='ltr'><strong>quum</strong></span> <span class='ocrx_word' id='word_1_80' title='bbox 1148 1506 1339 1550; x_wconf 87' lang='lat' dir='ltr'>maxime</span> 
     </span>
     <span class='ocr_line' id='line_1_16' title="bbox 95 1579 1341 1643; baseline -0.001 -18"><span class='ocrx_word' id='word_1_81' title='bbox 95 1584 236 1642; x_wconf 67' lang='lat' dir='ltr'>surgit.</span> <span class='ocrx_word' id='word_1_82' title='bbox 266 1585 358 1643; x_wconf 78' lang='lat' dir='ltr'>Ego</span> <span class='ocrx_word' id='word_1_83' title='bbox 377 1596 523 1642; x_wconf 84' lang='lat' dir='ltr'>quum</span> <span class='ocrx_word' id='word_1_84' title='bbox 551 1595 800 1643; x_wconf 68' lang='lat' dir='ltr'>quaererem</span> <span class='ocrx_word' id='word_1_85' title='bbox 823 1595 932 1624; x_wconf 90' lang='lat' dir='ltr'>num</span> <span class='ocrx_word' id='word_1_86' title='bbox 963 1592 1076 1626; x_wconf 80' lang='lat' dir='ltr'>esset</span> <span class='ocrx_word' id='word_1_87' title='bbox 1098 1579 1249 1641; x_wconf 84' lang='lat' dir='ltr'>aliqua</span> <span class='ocrx_word' id='word_1_88' title='bbox 1274 1579 1341 1625; x_wconf 78' lang='lat' dir='ltr'>lex</span> 
     </span>
     <span class='ocr_line' id='line_1_17' title="bbox 94 1657 1340 1723; baseline -0.003 -19"><span class='ocrx_word' id='word_1_89' title='bbox 94 1658 204 1705; x_wconf 81' lang='lat' dir='ltr'>dicta</span> <span class='ocrx_word' id='word_1_90' title='bbox 231 1659 428 1723; x_wconf 86' lang='lat' dir='ltr'>templo,</span> <span class='ocrx_word' id='word_1_91' title='bbox 458 1661 648 1720; x_wconf 77' lang='lat' dir='ltr'>cognovi</span> <span class='ocrx_word' id='word_1_92' title='bbox 666 1657 806 1704; x_wconf 82' lang='lat' dir='ltr'>alium</span> <span class='ocrx_word' id='word_1_93' title='bbox 825 1658 923 1713; x_wconf 83' lang='lat' dir='ltr'>hic,</span> <span class='ocrx_word' id='word_1_94' title='bbox 949 1657 1088 1703; x_wconf 83' lang='lat' dir='ltr'>alium</span> <span class='ocrx_word' id='word_1_95' title='bbox 1112 1657 1236 1717; x_wconf 80' lang='lat' dir='ltr'><strong>apud</strong></span> <span class='ocrx_word' id='word_1_96' title='bbox 1258 1671 1340 1701; x_wconf 76' lang='lat' dir='ltr'>nos</span> 
     </span>
     <span class='ocr_line' id='line_1_18' title="bbox 96 1736 1341 1797; baseline -0.006 -13"><span class='ocrx_word' id='word_1_97' title='bbox 96 1752 179 1783; x_wconf 69' lang='lat' dir='ltr'>esse</span> <span class='ocrx_word' id='word_1_98' title='bbox 197 1754 368 1784; x_wconf 86' lang='lat' dir='ltr'>morem</span> <span class='ocrx_word' id='word_1_99' title='bbox 386 1737 698 1783; x_wconf 79' lang='lat' dir='ltr'>dedicationis.</span> <span class='ocrx_word' id='word_1_100' title='bbox 718 1738 899 1797; x_wconf 80' lang='lat' dir='ltr'>Dispice</span> <span class='ocrx_word' id='word_1_101' title='bbox 909 1752 1015 1796; x_wconf 78' lang='lat' dir='ltr'>ergo</span> <span class='ocrx_word' id='word_1_102' title='bbox 1027 1736 1243 1791; x_wconf 87' lang='lat' dir='ltr'>,Domine</span> <span class='ocrx_word' id='word_1_103' title='bbox 1258 1767 1270 1788; x_wconf 91' lang='lat'>,</span> <span class='ocrx_word' id='word_1_104' title='bbox 1282 1748 1341 1777; x_wconf 88' lang='lat' dir='ltr'>an</span> 
     </span>
     <span class='ocr_line' id='line_1_19' title="bbox 97 1808 1343 1875; baseline -0.005 -15"><span class='ocrx_word' id='word_1_105' title='bbox 97 1828 212 1875; x_wconf 72' lang='lat' dir='ltr'>putes</span> <span class='ocrx_word' id='word_1_106' title='bbox 222 1816 364 1862; x_wconf 83' lang='lat' dir='ltr'>aedem</span> <span class='ocrx_word' id='word_1_107' title='bbox 378 1850 391 1871; x_wconf 92' lang='lat'><strong>,</strong></span> <span class='ocrx_word' id='word_1_108' title='bbox 415 1817 488 1860; x_wconf 90' lang='lat' dir='ltr'>cui</span> <span class='ocrx_word' id='word_1_109' title='bbox 508 1813 633 1859; x_wconf 79' lang='lat' dir='ltr'>nulla</span> <span class='ocrx_word' id='word_1_110' title='bbox 651 1814 719 1859; x_wconf 80' lang='lat' dir='ltr'>lex</span> <span class='ocrx_word' id='word_1_111' title='bbox 736 1814 858 1859; x_wconf 81' lang='lat' dir='ltr'>dicta</span> <span class='ocrx_word' id='word_1_112' title='bbox 875 1826 942 1859; x_wconf 79' lang='lat' dir='ltr'>est</span> <span class='ocrx_word' id='word_1_113' title='bbox 954 1849 967 1869; x_wconf 88' lang='lat'>,</span> <span class='ocrx_word' id='word_1_114' title='bbox 986 1812 1110 1858; x_wconf 82' lang='lat' dir='ltr'><strong>salva</strong></span> <span class='ocrx_word' id='word_1_115' title='bbox 1128 1808 1343 1869; x_wconf 79' lang='lat' dir='ltr'>religione</span> 
     </span>
     <span class='ocr_line' id='line_1_20' title="bbox 96 1887 1344 1955; baseline -0.008 -15"><span class='ocrx_word' id='word_1_116' title='bbox 96 1906 213 1953; x_wconf 65' lang='lat' dir='ltr'>posse</span> <span class='ocrx_word' id='word_1_117' title='bbox 247 1892 509 1940; x_wconf 76' lang='lat' dir='ltr'>transferri:</span> <span class='ocrx_word' id='word_1_118' title='bbox 545 1891 716 1955; x_wconf 85' lang='lat' dir='ltr'>alioqui</span> <span class='ocrx_word' id='word_1_119' title='bbox 749 1891 1166 1937; x_wconf 69' lang='lat' dir='ltr'>commodissimum</span> <span class='ocrx_word' id='word_1_120' title='bbox 1191 1897 1282 1941; x_wconf 72' lang='lat' dir='ltr'>est,</span> <span class='ocrx_word' id='word_1_121' title='bbox 1307 1887 1344 1930; x_wconf 73' lang='lat' dir='ltr'>si</span> 
     </span>
    </p>
   </div>
   <div class='ocr_carea' id='block_1_11' title="bbox 99 1969 590 2034">
    <p class='ocr_par' dir='ltr' id='par_1_11' title="bbox 99 1969 590 2034">
     <span class='ocr_line' id='line_1_21' title="bbox 99 1969 590 2034; baseline -0.002 -18"><span class='ocrx_word' id='word_1_122' title='bbox 99 1971 241 2034; x_wconf 72' lang='lat' dir='ltr'>religio</span> <span class='ocrx_word' id='word_1_123' title='bbox 266 1988 362 2018; x_wconf 75' lang='lat' dir='ltr'>non</span> <span class='ocrx_word' id='word_1_124' title='bbox 385 1969 590 2032; x_wconf 80' lang='lat' dir='ltr'>impedit.</span> 
     </span>
    </p>
   </div>
  </div>
 </body>
</html>
