1650 2550
370 207 714 252 TRAJANO
749 207 1048 252 DICTUS.
1249 204 1332 257 24¹

83 297 306 359 vigilantia
317 332 333 355 ,
351 298 442 345 dux
455 333 468 354 ,
483 311 526 346 et
542 298 714 360 legatus
726 334 739 356 ,
756 311 802 346 et
814 298 968 356 miles;
989 316 1134 362 quum
1142 299 1238 360 jtm
1257 312 1336 345 tua

82 375 233 423 vexilla
246 410 261 432 ‚
284 388 383 422 tuas
402 376 577 437 aquilas
598 392 760 438 magno
778 376 926 438 gradu
946 380 1164 431 anteires;
1186 394 1335 440 neque

80 454 202 502 aliud
225 454 311 501 tibi
338 472 392 501 ex
417 455 494 501 illa
524 456 792 518 adoptione,
820 473 962 519 quarn
982 455 1065 502 filii
1093 458 1333 518 pietatem,

80 534 157 580 filii
181 534 454 596 obsequium
471 531 716 589 asseret-eu
741 533 1014 598 longamque
1034 534 1141 581 huic
1163 537 1337 581 nomini

80 624 254 658 aetatem
269 646 283 666 ,
303 609 485 672 longam
496 610 686 673 gloriam
703 628 955 674 precarere.
970 616 1036 659 Te
1049 612 1337 675 providentia

80 690 268 737 deorum
286 692 488 752 primum
507 692 554 737 in
572 689 725 738 locum
736 704 1001 754 provexerat
1016 709 1030 748 ;
1049 703 1098 738 tu
1119 690 1268 737 adhuc
1284 693 1337 738 in

81 769 275 815 secundo
302 770 506 814 resistere
525 804 538 824 ,
570 780 707 831 atque
729 772 865 815 etiam
885 785 1113 818 senescere
1131 769 1337 831 optabas.

79 849 280 893 Privatus
300 846 385 891 tibi
398 847 624 893 videbaris
637 882 650 903 ,
667 847 890 910 quamdiu
904 851 1151 910 imperator
1162 860 1209 895 et
1220 848 1337 895 alius

74 937 203 972 esset.
221 924 387 970 Audita
407 935 512 970 suut
525 936 628 970 vota
641 937 720 970 tua
737 960 750 981 ,
768 925 847 971 sed
860 928 907 971 in
922 938 1143 987 quantum
1159 927 1336 987 optimo

73 1002 135 1049 illi
148 1015 196 1050 et
211 1004 493 1049 sanctissimo
511 1005 605 1047 seni
625 1002 733 1049 utile
752 1003 864 1058 fuit,
879 1019 1017 1066 quem
1035 1003 1101 1050 dii
1112 1005 1225 1051 coelo
1239 1006 1336 1050 vin·

72 1080 341 1127 dicaverunt
351 1113 367 1134 ,
386 1095 444 1124 ne
458 1077 572 1141 quid
583 1114 597 1135 ,
616 1091 720 1141 post
732 1079 849 1126 illud
863 1080 1071 1126 divinum
1088 1093 1134 1127 et
1149 1083 1335 1131 immor-

72 1157 159 1204 tale
176 1156 354 1202 factum
367 1191 380 1212 ,
404 1155 593 1202 mortale
611 1156 794 1203 faceret.
815 1157 985 1203 Deberi
1003 1159 1172 1221 quippe
1193 1162 1335 1207 maxi-

68 1252 143 1283 mo
165 1236 297 1299 operi
319 1234 437 1280 hanc
468 1249 650 1298 quoque
673 1237 1034 1291 venerationem,
1063 1248 1115 1284 ut
1145 1239 1334 1285 novissi-

67 1332 196 1363 mum
207 1327 343 1369 estet,
353 1326 675 1375 auctoremque
686 1315 728 1375 ej
735 1331 786 1360 us
797 1316 950 1360 statim
960 1317 1312 1363 consecrandum
1320 1351 1335 1373 ‚

64 1410 118 1444 m
144 1393 428 1459 quandoque
458 1395 576 1438 inter
596 1405 799 1455 posteros
822 1404 1126 1455 quaereretur,
1144 1409 1202 1440 an
1221 1394 1335 1442 illud

65 1476 165 1534 jam
186 1473 302 1519 dens
325 1470 517 1518 fecisset.
540 1474 607 1517 lta
633 1469 709 1516 ille
731 1470 859 1516 nullo
885 1473 1028 1533 magis
1047 1474 1231 1519 nomine
1253 1490 1342 1535 pu·-

67 1553 217 1599 blicus
239 1564 407 1613 parens
420 1584 433 1605 ‚
455 1565 595 1611 quam
617 1551 725 1612 quia
747 1562 853 1594 tuus
866 1584 880 1604 ,
898 1551 1052 1611 ingens
1070 1548 1240 1611 gloria,
1263 1554 1336 1597 in-

62 1645 270 1692 gensque
283 1627 409 1673 sama
424 1662 438 1684 ‚
456 1643 601 1691 quum
613 1626 796 1673 abunde
814 1640 1021 1689 expertus
1036 1640 1151 1675 esset
1164 1663 1180 1695 ⁹.
1193 1644 1336 1691 qum

62 1709 181 1755 bene
196 1706 403 1753 humeris
418 1705 506 1751 tuis
519 1704 695 1751 sederet
713 1706 958 1767 imperium
970 1741 983 1762 ,
1004 1706 1086 1753 tibi
1106 1718 1251 1753 terras
1261 1742 1274 1763 ,
1290 1719 1337 1754 te

62 1788 194 1833 terris
214 1783 424 1844 reliqum
447 1798 502 1828 eo
515 1784 754 1843 ipsocarus
767 1782 979 1830 omnibus
1000 1799 1054 1830 ac
1074 1783 1339 1830 dezideran-

66 1864 151 1911 du,
165 1899 179 1919 ,
204 1861 335 1925 quod
353 1873 667 1923 prospexerat,
690 1876 749 1906 ne
766 1861 1117 1906 desideraretur.

134 1944 217 1990 xl.
248 1943 393 2001 QUEM
429 1950 480 1984 tu
510 1936 718 2001 lacrymis
750 1940 953 2000 primum
965 1972 979 1994 ,
1013 1939 1072 1982 ita
1106 1948 1158 1983 ut
1186 1937 1335 1984 filium

68 2024 248 2077 decuit,
275 2035 380 2066 mox
403 2016 582 2079 templis
602 2016 876 2075 honestasti3
898 2033 988 2063 non
1012 2018 1211 2063 imitatus
1233 2018 1336 2065 illos

70 2103 152 2163 qui
165 2101 256 2147 hoc
274 2097 399 2144 idem
413 2132 427 2153 ,
442 2097 522 2143 sed
535 2095 623 2143 alia
638 2111 786 2145 mente
801 2097 1018 2145 fecerunt.
1034 2097 1211 2144 Dicavit
1222 2096 1337 2144 coelo

67 2178 282 2229 Tiberius
296 2180 553 2238 Augustum
564 2211 580 2233 ,
598 2176 679 2224 sed
694 2189 744 2225 ut
755 2175 1003 2235 majestatis
1018 2178 1190 2224 crimen
1206 2177 1338 2225 indu·
