1650 2550
493 201 714 247 LI'BER
748 203 839 251 lx.
1208 213 1287 244 ιιι

71 351 1284 386 'mmmmm
1334 380 1343 395 κ

600 483 718 532 XL.

412 632 657 678 Fusco
691 633 836 677 SUO
869 634 915 678 S.

270 775 506 834 Quomodo
527 775 717 822 hiemale
737 779 877 822 otium
899 777 1058 840 exigat.

116 910 274 957 Sennis
287 923 520 974 pergratas
536 912 618 958 tibi
634 913 770 958 fuisse
778 913 951 959 litteras
966 928 1090 959 meas
1101 947 1116 969 ‚
1132 912 1299 974 quibus

71 991 286 1048 cognovisti
297 1024 311 1045 ‚
336 986 728 1052 quemadmodum
743 992 790 1035 in
808 992 967 1036 Tuscis
981 992 1125 1037 otium
1140 993 1301 1038 aestntis

72 1064 285 1125 exigerem:
302 1069 498 1130 requiris
509 1068 625 1128 quid
639 1084 692 1113 ex
705 1068 791 1114 hoc
806 1071 852 1113 in
868 1071 1141 1113 Laurentino
1153 1060 1303 1116 hieme

69 1154 311 1200 permutem.
328 1144 477 1201 Nihil,
493 1146 580 1190 nisi
595 1145 719 1207 quod
732 1145 1009 1190 meridianus
1021 1160 1202 1191 somnus
1216 1149 1306 1193 exi-

72 1221 200 1277 mitur,
210 1221 498 1285 multumqne
512 1222 570 1267 de
584 1234 714 1267 nocte
729 1256 742 1278 ,
754 1221 827 1267 vel
844 1234 947 1267 ante
958 1221 1029 1267 vel
1041 1235 1143 1285 post
1155 1223 1275 1270 diem
1289 1259 1304 1282 ,

75 1301 237 1345 sumitur
257 1316 268 1344 z
298 1310 344 1345 et
370 1301 408 1343 si
426 1298 589 1359 agendi
619 1300 857 1344 necessitas
889 1300 1024 1343 instat
1039 1334 1052 1355 ,
1087 1315 1187 1360 qnae
1214 1300 1306 1347 fre-

74 1389 187 1436 quens
200 1376 346 1424 bieme
358 1411 372 1432 ‚
394 1392 486 1422 non
500 1375 596 1435 jam
616 1374 820 1422 comoedo
837 1373 909 1422 vel
923 1373 1087 1437 lyristae
1100 1389 1200 1437 post
1213 1393 1307 1423 coe-

72 1467 154 1500 mm
170 1456 318 1512 locun
339 1454 420 1501 sed
439 1453 517 1501 illa
537 1471 641 1516 quae
658 1454 852 1509 dictavi,
874 1452 1120 1500 identidem
1138 1468 1308 1502 retrac-

75 1543 220 1591 tantur,
247 1550 301 1581 ac
322 1532 460 1579 simul
482 1536 711 1579 memoriae
738 1531 968 1595 frequenti
993 1533 1306 1580 emendatione

75 1612 291 1670 proficitur.
327 1611 480 1658 Habes
511 1622 663 1657 aestate
675 1645 689 1667 ,
724 1610 876 1656 hieme
911 1612 1306 1658 consuetudinemt

76 1689 188 1735 addas
197 1691 288 1737 hnc
299 1725 314 1746 ,
339 1689 442 1735 licet
454 1723 468 1744 ,
484 1704 564 1735 ver
581 1699 627 1734 et
641 1700 912 1734 autumnum
930 1724 943 1743 ,
960 1704 1063 1750 quae
1077 1691 1194 1734 inter
1208 1689 1310 1734 hie-

77 1782 176 1815 mem
191 1781 477 1830 aeztatemque
497 1766 674 1822 media,
707 1779 754 1812 ut
773 1766 889 1812 nihil
906 1766 964 1812 de
987 1766 1062 1812 die
1084 1766 1308 1827 perdunt,

78 1844 130 1890 iu
145 1846 195 1893 de
212 1859 341 1901 nocte
361 1842 610 1909 parvulum
628 1846 886 1907 acquirunt.
905 1841 1034 1889 Vale.
