1650 2550
286 183 347 239 24
620 186 673 231 C.
709 184 958 230 Pmuu
990 184 1225 230 EPIST.

285 277 402 324 urbe
431 287 523 333 est,
555 275 703 325 defuit
731 292 1004 340 numquam.
1036 279 1181 323 Porro
1211 286 1340 322 tanto
1373 278 1574 338 turpius

285 357 479 418 gratiam
498 371 592 404 non
609 356 804 412 referre,
824 368 1000 419 quanto
1020 355 1257 401 honestior
1278 369 1418 401 causa
1439 354 1573 402 refle-

285 434 456 481 rendae.
487 437 558 481 An
584 436 623 481 si
651 434 808 482 litibus
839 446 1028 489 terei-er,
1059 433 1330 480 obstrictum
1358 448 1457 479 esse
1483 449 1574 481 me

285 511 519 558 crederem
538 511 727 559 obeunti
743 511 1008 558 vadimonia
1024 512 1157 557 mea?
1168 526 1292 557 nune
1313 513 1426 574 qnia
1443 511 1572 558 mibi

289 605 424 637 omne
441 592 674 652 negotium
686 624 699 646 ‚
715 591 864 636 omnis
881 592 930 635 in
943 589 1104 636 studiis
1120 604 1230 635 cura
1243 623 1256 644 ,
1273 591 1427 636 minus
1442 589 1575 636 obli-

289 684 372 730 gor
384 681 511 716 tanta
524 668 762 715 sedulitate
776 667 1026 714 celebranti
1037 702 1051 722 ,
1069 670 1117 713 in
1130 683 1224 729 quo
1237 667 1433 729 obligari
1452 685 1543 731 ego
1558 705 1573 725 ,

290 761 349 792 ne
367 745 517 793 dicam
539 744 660 801 solo,
683 757 803 791 certe
825 745 1021 790 maxime
1039 745 1255 806 possum?
1280 744 1419 804 Quod
1440 748 1480 791 si
1502 745 1575 791 illi

291 823 468 870 nullam
479 825 624 870 vioem
637 857 651 878 ,
667 821 794 869 nulla
819 824 953 885 quasi
965 834 1127 869 mutua
1145 822 1297 868 officia
1314 821 1547 870 deberem
1559 858 1575 880 ‚

294 903 560 949 sollicitarer
575 913 729 948 tamen
745 901 820 948 vel
833 903 1015 963 iugenio
1032 901 1231 947 hominis
1249 900 1578 964 pulcherrimo

296 990 342 1025 et
350 981 565 1035 maximo,
574 979 674 1027 etin
683 993 862 1023 summa
872 979 1109 1025 severitate
1116 977 1379 1024 dulcissimo
1386 1013 1400 1035 ,
1407 979 1487 1025 vel
1495 980 1581 1026 bo-

295 1066 471 1102 uestaoe
480 1056 699 1105 materiae.
719 1054 887 1102 Scribit
904 1057 1049 1102 exitus
1067 1055 1315 1102 illustrium
1331 1058 1548 1104 virorum
1563 1092 1579 1114 ,

296 1137 345 1180 in
368 1134 440 1180 his
458 1134 766 1198 quorumdam
783 1134 903 1181 mibi
919 1137 1277 1182 carissimorum.
1298 1136 1480 1184 Videor
1502 1154 1582 1184 er-

299 1228 356 1278 go
384 1211 512 1275 fungi
532 1215 608 1276 pio
627 1228 844 1270 munere,
873 1228 1165 1278 quorumque
1192 1216 1428 1278 exsequias
1452 1217 1582 1263 cele-

300 1290 435 1337 brare
456 1306 546 1337 non
570 1290 722 1349 licuit,
753 1291 923 1338 borum
951 1293 1084 1355 quasi
1112 1291 1387 1339 funebribus
1411 1292 1584 1341 lauda-

300 1367 526 1424 tionibus,
550 1372 659 1415 seris
681 1369 896 1433 quidem,
919 1369 999 1416 sed
1021 1382 1148 1416 tauto
1165 1371 1308 1430 magis
1332 1372 1456 1416 veris
1471 1407 1487 1426 ‚
1517 1376 1586 1418 in·

300 1460 485 1495 teresse.
510 1446 639 1493 Vale.
