1650 2550
365 160 708 205 TRAJANO
741 159 1044 204 DICTUS.
1246 156 1328 202 231

59 265 148 297 nus
176 250 399 298 dilectum
423 252 680 314 principum
705 262 883 298 servat:
911 261 1173 313 quantoque
1193 247 1336 312 paulo

61 342 165 377 ante
209 341 436 377 concentu
475 329 726 377 Formosum
768 329 912 376 alium
927 363 940 385 ,
978 328 1100 375 hunc
1140 327 1331 374 fortissi-

60 424 191 455 mum
224 420 470 471 personat:
498 409 756 473 quibusque
783 408 1031 472 aliquando
1059 405 1331 454 clamoribus

60 501 242 548 gestum
267 486 455 534 alterius
477 499 522 534 et
542 503 724 544 vocem,
752 487 889 547 hujus
917 487 1159 548 pietatem,
1189 483 1329 530 absti-

58 568 266 613 nentiam
281 600 296 622 ,
312 566 708 613 mansuetudinem
725 565 899 612 laudat.
920 563 1043 626 Quid
1056 577 1139 609 nos
1157 563 1244 622 ipsi
1264 560 1330 606 di-

58 645 296 692 vinitatcm
320 643 539 704 principis
560 645 727 699 nostri,
750 657 810 688 an
832 641 1161 687 humanitatem
1176 671 1190 693 ,
1215 649 1328 684 tem-

59 721 318 780 perantiam
330 754 344 776 ‚
364 719 630 767 facilitatem
641 754 655 776 ,
680 732 732 766 ut
748 735 878 766 amor
895 732 941 765 et
956 717 1176 780 gaudium
1198 712 1326 770 tulit,

53 796 287 844 celebrare
311 798 510 842 universi
533 796 762 843 solemus?
782 798 890 843 Jam
910 794 1024 858 quid
1046 805 1141 840 tam
1162 789 1293 838 civile
1307 824 1323 846 ,

58 885 150 922 tam
168 877 456 923 senatorium
468 909 482 931 ‚
500 892 643 938 quam
665 874 779 924 illud
800 875 1008 922 additum
1025 888 1053 918 a
1074 871 1206 917 nobis
1226 871 1328 934 Op-

59 953 152 997 timi
162 953 455 1013 cognomen?
468 951 594 1013 quod
606 950 833 1013 peculiare
851 950 987 1010 hujus
1000 962 1044 996 et
1057 950 1295 1011 proprium
1311 980 1326 1002 ,

57 1030 318 1090 arrogantia
362 1030 572 1090 priorum
618 1029 877 1091 principum
919 1025 1041 1072 fecit.
1082 1028 1326 1072 Enimvero

60 1122 196 1168 qnam
216 1122 466 1152 commuue
478 1141 491 1163 ,
512 1122 651 1170 quam
665 1122 718 1153 ex
731 1120 863 1167 aequo
876 1138 890 1161 ‚
910 1104 1034 1166 quod
1042 1102 1199 1166 felices
1217 1118 1297 1147 nos
1311 1134 1326 1157 ,

46 1185 229 1246 felicem
253 1184 389 1231 illum
413 1185 738 1248 praedicamus,
761 1184 1035 1244 alternisque
1057 1184 1197 1237 votis,
1228 1180 1321 1227 haec

49 1264 214 1326 fiant,
236 1263 336 1312 ltoec
354 1265 535 1321 audiat,
553 1264 685 1327 quasi
704 1280 795 1311 non
819 1263 1013 1316 dicturi,
1036 1262 1123 1307 uisi
1142 1260 1323 1317 fecerit,

56 1343 436 1406 comprecamur?
459 1342 529 1388 Ad
551 1358 663 1405 quas
689 1341 764 1388 ille
790 1356 926 1388 voces
956 1340 1165 1403 lacrymis
1188 1340 1325 1387 etiam

63 1436 113 1468 ac
135 1421 286 1468 multo
304 1420 485 1484 pudore
504 1419 797 1468 suffunditur.
818 1420 1032 1482 Agnoscit
1051 1421 1172 1465 enim
1184 1453 1198 1475 ,
1222 1433 1325 1465 sen-

56 1501 199 1562 titque
218 1499 308 1547 sibi
322 1533 337 1557 ‚
356 1515 450 1546 non
465 1500 659 1562 principi
681 1499 786 1551 dici.

88 1580 192 1626 .111.
218 1581 392 1625 inim
410 1578 537 1641 quod
557 1584 965 1640 temperamentum
989 1592 1146 1624 omues
1173 1578 1221 1622 in
1242 1574 1322 1622 ino

60 1655 211 1703 subito
230 1659 415 1719 pietatis
431 1654 581 1703 calore
599 1658 875 1702 servavimus
892 1690 906 1712 ,
928 1655 1014 1702 hoc
1032 1653 1194 1716 singuli
1213 1667 1325 1716 quo-

52 1750 143 1796 qne
154 1735 459 1798 meditatique
472 1748 721 1790 teneamus3
736 1737 1020 1796 sciamusque
1032 1733 1212 1781 nullum
1228 1747 1326 1777 esse

57 1829 205 1876 neque
224 1817 445 1862 sincerius
466 1829 615 1876 neque
632 1816 858 1876 acceptius
882 1828 1023 1875 genus
1044 1813 1293 1873 gratiarum
1310 1849 1323 1867 ,

54 1903 193 1950 quam
234 1890 365 1954 quod
396 1889 496 1939 illas
535 1890 878 1938 acclamationes
903 1888 1189 1943 aemulemur,
1222 1903 1327 1949 quoe

52 1966 252 2029 fingendi
275 1985 369 2016 uon
391 1968 564 2016 habent
579 1981 775 2031 tempus.
792 1970 1025 2028 Quantum
1044 1964 1104 2011 ad
1121 1980 1196 2010 me
1216 1979 1323 2027 per-

52 2045 163 2092 tinet
177 2080 192 2101 ,
211 2045 456 2104 laborabO,
471 2058 523 2093 ut
536 2048 789 2093 orationem
802 2061 953 2092 meam
971 2042 1032 2090 ad
1049 2042 1319 2090 modestiam

52 2126 268 2187 principis
302 2125 755 2189 moderationemque
784 2125 1083 2172 submittam:
1118 2137 1203 2169 nec
1234 2124 1325 2170 mi-
