1650 2550
368 218 717 264 TRAJANO
752 217 1055 263 DICTUS.
1258 213 1347 260 325

75 311 405 374 accipientibus
442 311 663 358 honorem
692 314 774 373 qni
809 311 964 358 dabat.
1006 308 1141 372 Quod
1176 308 1348 355 factum

73 401 208 436 tuum
232 405 262 434 a
283 402 449 436 cuncto
467 401 623 435 senatu
644 405 783 452 qnam
805 405 912 435 vera
935 387 1255 434 acclamatione
1273 401 1349 432 ce-

71 465 305 513 lebratum
327 467 419 512 eat!
451 471 598 513 Tanto
617 469 788 530 major!
810 475 935 513 tanto
952 468 1210 529 anqustior!
1231 468 1351 511 Nam

70 545 149 590 eui
170 544 287 591 nihil
307 543 368 590 ad
387 545 647 606 augendum
661 546 894 608 fastigium
913 556 1122 607 superest
1134 578 1146 599 ‚
1163 543 1237 588 hic
1256 557 1350 588 uno

72 625 213 671 modo
226 640 430 671 crescere
449 638 598 687 potest
610 660 623 680 ‚
642 628 680 670 si
699 641 745 671 se
764 627 860 687 ipae
880 624 1117 671 submittat
1130 657 1143 675 ,
1165 636 1349 691 securus

70 700 402 763 magnitudinis
425 717 531 748 ωε.
550 704 709 763 Neque
723 705 844 748 enim
859 702 919 748 ab
935 701 1028 747 ullo
1043 699 1245 762 periculo
1258 698 1351 746 for·

69 791 185 825 tuna
211 780 472 839 principum
507 779 685 841 longius
713 780 868 836 abest,
895 776 1036 842 quain
1064 776 1346 824 humilitatis.

67 855 191 903 Mihi
210 855 404 918 quidem
422 871 514 901 non
532 868 622 902 tam
641 856 902 903 humanitas
917 869 994 903 tua
1007 891 1021 911 ‚
1042 869 1181 917 qnam
1201 856 1350 900 inten-

67 938 135 981 tt'o
160 935 262 995 ejus
286 932 570 997 admirabilis
593 933 850 980 videbatur.
875 936 1055 995 Quippe
1073 948 1216 995 quum
1237 946 1348 976 oru-

64 1015 186 1060 tioui
217 1010 402 1068 oculos,
436 1027 619 1067 vocem,
645 1027 834 1057 manum
866 1010 1201 1065 commodares,
1226 1021 1278 1056 nt
1309 1010 1349 1054 si

62 1091 146 1138 alii
170 1090 337 1137 eadem
355 1093 439 1137 ista
459 1090 718 1136 mandasses
731 1124 744 1145 ‚
764 1105 923 1135 omnes
941 1092 1163 1135 comitatis
1183 1103 1347 1134 nume-

61 1185 140 1215 ros
171 1167 353 1214 obibus.
380 1170 530 1230 Atque
551 1170 691 1213 etiam
713 1183 860 1230 quum
882 1165 1233 1227 suffragatorum
1258 1172 1348 1211 ho-

59 1248 191 1294 mina
211 1244 413 1300 honore,
439 1259 532 1307 quo
551 1244 695 1292 solent
708 1281 721 1302 ‚
742 1247 1071 1308 exciperentur,
1087 1256 1138 1291 tu
1162 1259 1347 1307 quoque

60 1325 186 1372 inter
203 1324 480 1384 excipientes
497 1339 598 1369 erat
611 1358 624 1380 ‚
645 1336 690 1370 et
709 1340 760 1370 ex
784 1339 864 1369 ore
882 1324 1100 1384 principis
1118 1323 1195 1368 ille
1215 1338 1346 1369 sena-

59 1407 214 1452 torius
232 1417 444 1449 assensus
463 1402 738 1450 audiebatur
756 1419 768 1449 t
791 1402 1008 1466 quodque
1031 1402 1154 1463 apud
1175 1404 1349 1463 princi·

58 1498 176 1545 pem
200 1479 446 1543 prohibere
475 1483 782 1527 testimonium
805 1480 1087 1527 merentibus
1108 1480 1345 1542 gaudeba-

56 1576 169 1609 mus
179 1596 193 1616 ‚
205 1558 539 1622 perhibebatur
548 1576 574 1606 a
589 1562 809 1624 principe.
822 1560 1038 1607 Faciebas
1048 1574 1156 1622 ergo
1169 1592 1181 1613 ‚
1198 1573 1344 1620 quum

54 1640 242 1686 diceres
256 1671 269 1691 ,
290 1640 516 1698 optimos:
538 1654 620 1684 nec
639 1641 843 1700 ipsorum
864 1638 1003 1684 modo
1018 1643 1108 1686 vita
1127 1655 1155 1685 a
1170 1654 1214 1687 te
1228 1676 1241 1698 ,
1263 1640 1344 1687 scd

46 1717 289 1780 judicium
304 1726 484 1760 senatus
494 1716 896 1778 comprobabatur,
909 1720 1156 1781 ornarique
1166 1734 1214 1765 se
1226 1753 1239 1775 ,
1250 1733 1345 1765 nou

52 1794 165 1841 illos
186 1795 335 1852 magis
356 1808 471 1854 quot
493 1793 738 1849 laudabas,
761 1793 1019 1841 laetabatur.

117 1871 306 1916 Lxxn.
329 1871 443 1914 Nm
460 1869 585 1932 quod
604 1884 813 1933 precatus
832 1886 880 1917 es
894 1905 907 1926 ,
926 1869 1072 1917 utilia
1092 1871 1190 1932 ipsa
1208 1871 1341 1917 ordi-

51 1950 189 1996 natio
218 1948 513 1993 comitiorum
537 1947 644 1994 bene
671 1965 726 1995 ac
736 1949 936 2013 filiciter
957 1950 1154 1995 eveniret
1181 1949 1310 1995 nobis
1325 1984 1340 2006 ‚

51 2024 344 2093 ret'publicoe,
370 2025 472 2082 tibi,
498 2041 649 2073 nonne
672 2027 760 2074 tale
779 2041 872 2084 est,
898 2041 952 2075 ut
972 2043 1054 2073 nos
1077 2026 1200 2074 huuc
1220 2028 1345 2074 ordi·

47 2123 167 2155 nem
189 2116 404 2152 votorum
429 2118 693 2153 convertere
715 2107 996 2154 debeamus:
1017 2107 1127 2154 deos
1144 2108 1344 2171 denique

53 2187 307 2234 obsecrare
321 2219 335 2242 ,
369 2196 421 2231 ut
448 2188 602 2232 onmia
633 2202 737 2250 qnae
771 2186 882 2232 facis
900 2221 913 2240 ,
947 2201 1141 2248 qumque
1177 2187 1339 2244 facien,

1096 2275 1145 2309 ’,ιι
1158 2299 1169 2309 .
