1650 2550
295 132 386 189 340
657 134 1200 181 PANEGYRICUS

293 238 344 273 ut
365 225 488 272 idem
505 225 757 275 honoribus
778 230 946 274 nostris
968 227 1246 288 suffragator
1266 230 1317 274 in
1338 229 1488 280 curia,
1508 226 1553 269 iu

291 317 453 367 campo
467 302 723 351 declarator
742 306 971 352 existeres.
987 307 1103 350 Nam
1119 304 1251 367 quod
1275 320 1353 351 eos
1378 304 1553 366 potissi-

292 395 419 426 mum
439 383 582 427 mensi
595 383 841 429 attribuisti
860 417 874 439 ‚
891 399 1029 445 quem
1046 396 1154 429 tuus
1169 382 1340 429 natalis
1354 392 1554 435 exornat,

292 472 430 518 quam
468 457 713 519 pulchrum
746 459 879 506 nobis
904 460 915 503 !
959 459 1127 522 quibus
1165 460 1322 506 edicto
1345 495 1360 516 ,
1397 459 1554 523 quibus

291 533 548 595 spectaculo
565 534 795 581 celebrare
816 538 1052 597 continget
1073 536 1200 583 diem
1224 537 1362 582 illum
1401 535 1556 597 triplici

288 610 456 670 gaudio
481 611 636 656 laetum
651 646 665 666 ,
689 614 769 673 qui
789 614 1043 675 principem
1064 612 1259 658 abstulit
1286 617 1555 676 pessimum,

287 685 414 732 dedit
433 688 683 749 optimum,
708 689 941 734 meliorem
961 692 1133 750 optime
1157 693 1339 751 genuit.
1360 693 1457 736 Nos
1478 686 1556 732 sub

286 762 429 808 oculis
453 766 541 809 tuis
559 767 791 826 augustior
808 764 941 811 solito
959 781 1124 811 currus
1146 768 1347 827 accipiet
1364 784 1380 821 ;
1396 781 1479 811 nos
1499 766 1559 809 in·

288 852 357 886 ter
390 840 585 887 secunda
613 843 794 897 omina,
826 854 873 889 et
899 855 1004 889 vota
1034 844 1290 898 certantia,
1324 860 1430 906 quae
1457 857 1561 904 pra·

285 920 402 963 senti
418 918 503 963 tihi
523 917 838 974 conferentur,
857 918 1078 964 vehemur
1100 919 1279 966 alacres
1293 957 1308 976 ,
1334 934 1382 967 et
1404 920 1557 967 incerti

286 1011 338 1040 ex
358 1007 460 1043 utra
473 1008 602 1056 parte
616 997 762 1056 major
779 997 967 1042 auribus
983 998 1148 1042 nostris
1169 997 1358 1043 accidat
1376 998 1556 1044 clamor.

344 1076 502 1120 xcm.
526 1078 682 1121 SUPER
703 1078 855 1121 omnia
879 1088 1029 1122 tamen
1054 1075 1413 1136 praedicandum
1431 1076 1556 1122 vide-
1648 1132 1649 1139 ἵ

281 1162 373 1206 tur,
395 1152 520 1215 quod
537 1156 704 1216 pateris
722 1151 926 1199 consules
941 1170 1037 1200 esse
1052 1170 1169 1217 quos
1191 1155 1361 1202 fecisti.
1380 1159 1557 1217 Quippe
1648 1200 1649 1203 ,

280 1228 458 1276 nullum
478 1230 735 1293 periculum
749 1265 763 1287 ‚
791 1230 944 1277 nullus
971 1248 1024 1277 ex
1044 1233 1257 1295 principe
1276 1246 1431 1280 metus
1449 1248 1556 1279 con·

278 1307 447 1353 suiares
462 1311 638 1354 animos
656 1308 862 1355 debilitat
882 1321 927 1354 et
947 1309 1139 1369 frangiu
1161 1309 1282 1355 nihil
1302 1313 1462 1357 invitis
1479 1327 1559 1357 au·

276 1382 521 1439 diendum,
555 1384 669 1430 nihil
700 1388 865 1432 coactis
896 1385 1239 1432 decernendum
1266 1391 1377 1433 erit.
1401 1390 1558 1449 Manet

275 1461 568 1523 manebitque
585 1462 748 1508 honori
765 1465 998 1509 veneratio
1018 1479 1126 1518 ⁵⁰³3
1149 1479 1237 1509 nec
1260 1469 1557 1511 securitatem

278 1540 543 1585 auctoritate
565 1541 826 1601 perdemus.
849 1544 914 1586 Ac
937 1542 975 1587 si
992 1540 1106 1602 quid
1129 1541 1250 1586 forte
1272 1558 1330 1586 ex
1347 1541 1556 1588 consula-

277 1629 349 1664 tus
392 1617 570 1678 fastigio
604 1618 744 1665 fuerit
772 1620 1063 1665 deminutum
1083 1653 1098 1675 ‚
1134 1632 1294 1665 nostra
1332 1620 1436 1666 hac
1468 1622 1556 1666 erit

277 1693 439 1756 culpa,
468 1709 558 1740 non
577 1694 732 1742 seculi.
756 1698 884 1743 Licet
908 1698 1028 1742 enim
1046 1708 1277 1759 quantum
1295 1697 1361 1743 ad
1379 1699 1555 1759 prind-

273 1789 407 1837 pem,
429 1771 535 1819 lieet
558 1772 668 1820 tales
695 1774 901 1822 consules
922 1790 1079 1835 agere,
1103 1774 1265 1836 quales
1286 1788 1399 1822 ante
1420 1780 1553 1837 prin·

275 1854 398 1911 cipes
432 1863 576 1897 erant.
614 1850 825 1898 Uliamne
866 1852 952 1897 tibi
983 1867 1069 1912 pro
1104 1852 1342 1899 beneficiis
1375 1854 1551 1900 referre

273 1928 465 1989 gratiam
493 1941 651 1987 parem
685 1929 955 1989 possumus?
984 1930 1075 1975 nisi
1108 1941 1267 1974 tamen
1301 1927 1461 1985 illam,
1496 1944 1549 1976 ut

275 2020 454 2066 semper
470 2020 552 2050 nos
571 2008 910 2054 meminerimus
932 2006 1138 2054 consules
1166 2008 1307 2055 fuisse
1322 2044 1339 2066 ,
1370 2022 1420 2056 et
1440 2026 1547 2056 con·

277 2083 396 2130 sales
414 2093 515 2130 tuos
535 2096 548 2127 t
571 2098 625 2128 ea
648 2087 922 2143 sentiamus,
945 2102 999 2133 en
1019 2102 1286 2138 censeamus
1307 2104 1418 2152 (με
1439 2105 1546 2137 con·
