1650 2550
325 228 408 272 156
645 228 697 272 C.
730 227 971 271 PLINII
1014 227 1252 272 EPIST.

318 385 796 406 mmm

990 387 1081 405 m

1285 387 1569 408 mm

810 508 1103 558 XLVIII.

582 661 893 706 PLINIUS
927 660 1299 705 TRAJANO.

662 800 922 846 Detheatro
948 803 1225 846 Nicensium.

372 946 668 999 Tannum,
687 946 908 997 Domine,
937 946 1086 989 Niceae
1114 947 1312 990 maxima
1333 945 1432 1004 jam
1452 958 1579 1008 parte

309 1036 618 1070 constructum
631 1056 643 1076 ,
664 1020 978 1082 imperfectum
1001 1032 1154 1066 tamen
1175 1057 1188 1077 ‚
1216 1024 1476 1069 sestertium
1504 1056 1517 1077 ,
1534 1033 1582 1067 ut

313 1102 477 1159 audio(
490 1117 635 1163 neque
650 1101 770 1145 enim
785 1101 900 1143 ratio
915 1096 1019 1159 plus
1037 1114 1222 1143 excussa
1240 1111 1308 1145 est
1324 1102 1339 1156 )
1356 1134 1370 1154 ,
1387 1099 1581 1162 amplius

311 1182 475 1225 centies
494 1178 670 1222 hausit:
699 1191 855 1221 vereor
875 1191 932 1220 ne
954 1174 1138 1221 frustra.
1166 1177 1442 1236 Ingentibus
1463 1180 1582 1223 enin

311 1255 439 1301 rimis
462 1253 692 1301 descendit
714 1264 759 1299 et
776 1251 874 1299 hiat
889 1287 902 1307 ,
922 1252 1014 1298 sive
1037 1253 1085 1297 in
1107 1266 1246 1297 causa
1264 1252 1425 1300 solum
1443 1253 1583 1301 humi-

313 1333 427 1378 dum
444 1344 488 1377 et
507 1331 643 1377 molle
655 1368 668 1389 ,
695 1335 788 1378 sive
805 1330 920 1393 lapis
941 1334 1036 1392 ipse
1055 1329 1234 1392 gracilis
1255 1344 1304 1378 et
1322 1336 1476 1393 putris
1493 1350 1506 1377 :
1526 1332 1586 1377 di·

312 1426 454 1472 gnum
468 1424 535 1456 est
552 1423 672 1456 certe
686 1409 1008 1456 deliberatione
1021 1445 1034 1466 ‚
1057 1411 1170 1455 sitne
1190 1409 1471 1458 faciendum
1483 1447 1497 1469 ‚
1515 1422 1587 1457 aut

314 1494 372 1535 eit
384 1488 734 1551 relinquendum
752 1525 765 1545 ‚
783 1505 842 1534 an
852 1490 989 1534 etiam
998 1488 1348 1535 destruendum.
1364 1489 1586 1536 Namfnl-

315 1579 430 1613 turae
448 1582 501 1611 ac
524 1566 876 1613 substructiones
889 1601 903 1623 ‚
922 1566 1088 1629 quibus
1108 1564 1303 1611 subinde
1326 1571 1587 1631 suscipitur,

315 1659 407 1689 non
432 1656 526 1689 tam
557 1643 699 1688 firmae
731 1643 870 1699 mihi,
895 1659 1036 1706 quam
1053 1655 1337 1704 sumptuosae
1360 1646 1585 1692 videntur.

315 1723 433 1767 Huic
449 1721 625 1767 theatro
647 1737 700 1766 ex
715 1722 997 1781 privatorum
1018 1719 1432 1783 pollicitationibus
1456 1723 1591 1770 muh

318 1783 567 1854 debentur,
596 1810 647 1844 ut
670 1797 867 1843 basilicae
889 1800 1006 1844 circa
1021 1832 1034 1853 ‚
1058 1810 1110 1843 ut
1132 1800 1332 1859 porticus
1358 1816 1504 1862 supra
1524 1816 1591 1846 ca-

315 1891 473 1922 veam:
499 1891 601 1938 quae
633 1890 755 1920 nune
777 1877 932 1920 omnia
954 1873 1234 1919 differuntur
1248 1909 1261 1930 ,
1282 1890 1494 1923 cessante
1517 1891 1593 1929 eo,

317 1955 444 2016 quod
462 1966 565 2000 ante
579 1953 890 2015 peragendum
909 1965 993 1999 est.
1012 1952 1155 1999 Iidem
1174 1954 1392 1999 Nicenses
1411 1970 1593 2018 gymna-

318 2034 437 2077 sium
454 2066 467 2086 ‚
502 2030 709 2076 incendio
742 2032 961 2076 amissum
974 2064 986 2086 ‚
1020 2042 1124 2075 ante
1154 2029 1407 2076 adventum
1440 2047 1591 2078 meum

317 2110 553 2154 restituere
592 2121 826 2168 coeperunt
840 2142 853 2162 ‚
891 2107 1021 2169 longe
1043 2111 1333 2155 numerosius
1358 2109 1588 2171 laxiusque

319 2196 459 2242 quam
471 2181 635 2228 fuerat.
652 2184 800 2229 Etiam
815 2182 1100 2246 aliquantum
1117 2197 1425 2246 erogaverunt
1437 2203 1451 2232 :
1476 2188 1590 2249 peri-
