1650 2550
238 140 298 200 98
570 142 900 187 c.P1.1N11
936 142 1168 187 EPIST.

244 297 630 316 mm

925 297 1536 322 mmmm

760 420 988 470 XXXI.

623 571 870 616 SARDO
907 572 1051 655 8130
1085 573 1131 617 S.

408 710 589 754 Gratias
613 712 729 771 aqit,
753 710 877 772 quod
896 709 954 754 ab
972 725 1024 755 eo
1043 708 1260 755 laudatus
1277 714 1356 757 sit.

307 860 562 911 Pasa-Qum
581 869 608 898 a
621 866 666 900 te
684 857 877 909 recessi,
898 869 991 899 non
1010 855 1161 899 minus
1175 865 1335 900 tecum
1349 890 1364 911 ,
1381 872 1533 918 quam

245 951 391 998 quum
410 933 535 995 apud
556 945 597 978 te
611 967 624 989 ‚
644 932 728 977 fui.
750 934 858 992 Legi
875 933 996 977 enim
1017 931 1186 977 librum
1206 943 1372 988 tuum,
1394 934 1534 980 iden-

248 1014 390 1060 tidem
407 1023 614 1075 repetens
627 1026 680 1057 ea
695 1011 888 1055 maxime
901 1012 1020 1070 (non
1035 1011 1160 1056 enim
1173 1012 1404 1071 mentiar)
1423 1029 1533 1075 que

244 1093 301 1139 de
310 1109 383 1139 me
393 1092 620 1154 scripsisti.
633 1093 687 1136 In
696 1088 863 1151 quibus
873 1088 1059 1151 quidem
1069 1091 1370 1150 percopiosus
1380 1091 1529 1138 fuisti.

248 1173 400 1232 Quam
423 1169 566 1215 multa
579 1203 592 1224 ‚
608 1183 747 1230 quam
760 1168 886 1212 varia
905 1201 917 1220 ,
933 1182 1074 1228 quam
1087 1181 1180 1212 non
1193 1166 1365 1214 eadem
1378 1168 1441 1215 de
1454 1185 1531 1216 eo·

245 1248 353 1295 dem
365 1284 378 1304 ‚
393 1263 475 1294 nec
489 1258 640 1294 tamen
652 1246 829 1293 diversa
843 1280 856 1302 ,
873 1244 1046 1292 dixisti!
1065 1244 1269 1292 Laudem
1283 1247 1465 1309 pariter
1482 1260 1529 1296 et

244 1328 409 1388 gratias
418 1339 549 1386 agam
559 1325 580 1368 P
592 1326 812 1370 Neutrum
825 1325 932 1369 satis
942 1337 1129 1384 possum
1141 1338 1152 1368 z
1166 1335 1211 1370 et
1223 1357 1238 1379 ,
1255 1325 1295 1368 si
1310 1339 1498 1385 possem
1510 1360 1524 1383 ,

246 1405 471 1456 timerem,
489 1416 548 1446 ne
564 1415 778 1461 arrogans
796 1412 937 1456 esset,
951 1399 1012 1445 ob
1030 1416 1084 1446 ea
1101 1398 1292 1447 laudare
1304 1436 1318 1457 ‚
1333 1403 1400 1449 ob
1418 1420 1524 1466 quae

249 1482 415 1542 gratias
445 1493 641 1539 agerem.
665 1480 823 1525 Unum
852 1476 968 1524 illud
989 1477 1157 1524 addam
1173 1512 1188 1533 ‚
1216 1482 1376 1527 omnia
1408 1481 1521 1527 mihi

250 1570 376 1605 tanto
398 1555 698 1603 laudabiliora
718 1560 814 1602 visa
829 1591 844 1613 ,
869 1568 1040 1619 quanto
1057 1557 1363 1617 jucundiora3
1392 1571 1519 1607 tanto

243 1636 542 1697 jucundiora,
562 1646 735 1699 quanto
756 1633 1059 1681 laudabiliora
1075 1646 1219 1681 eram.
1243 1635 1379 1682 Vale.
