1650 2550
480 134 545 207 E
562 135 622 207 P
640 131 742 206 IS
759 133 832 206 T
850 132 922 205 Ο
939 130 1084 204 LA
1099 131 1169 204 R
1186 130 1262 205 U
1280 130 1366 203 M

556 315 786 374 Lmen
825 312 1175 373 DEclMUs
1201 312 1286 371 (ι).

299 496 681 516 mmmm
691 496 1068 516 mm

909 618 950 668 Ι.

410 770 460 814 C.
496 768 726 813 PLINIUS
756 767 1026 814 TRAJANO
1056 769 1449 813 IMPERATom.

572 910 846 956 Gratulatur
863 913 1095 974 imperium
1116 910 1293 974 adepto.

366 1055 470 1100 Tus
488 1051 675 1116 quidem
692 1054 837 1115 pietas
848 1036 869 1107 ,¹
888 1054 1142 1113 1m1›erator
1158 1053 1443 1098 sanctissime
1454 1088 1470 1109 ‚
1491 1066 1576 1113 op-

305 1143 502 1187 taverat,
525 1143 578 1177 ut
595 1147 734 1193 quam
755 1130 1010 1176 tardissime
1033 1129 1296 1175 succederes
1322 1134 1474 1193 patri:
1498 1127 1577 1175 sed

305 1208 368 1254 dii
391 1206 667 1253 immortales
680 1206 1029 1262 festinaverunt,
1049 1208 1239 1252 virtutes
1262 1218 1369 1254 tuas
1395 1208 1458 1253 ad
1481 1223 1572 1271 gu-

304 1285 549 1334 bernacula
556 1284 818 1349 reipublicae
829 1319 843 1341 ,
854 1300 993 1348 quam
1002 1300 1262 1347 susceperas
1275 1321 1289 1342 ‚
1301 1286 1571 1334 admovere.

267 1395 274 1402 -
305 1367 470 1410 Precor
486 1379 612 1426 ergO,
631 1376 685 1410 ut
699 1361 784 1409 tibi
800 1398 814 1419 ,
829 1375 876 1409 et
886 1377 970 1425 per
982 1375 1026 1409 te
1040 1365 1195 1423 generi
1206 1363 1418 1411 humano
1435 1401 1450 1422 ,
1471 1379 1576 1428 pro-

306 1459 437 1505 spera
457 1445 637 1498 omnia,
660 1441 710 1487 id
736 1454 831 1498 est,
852 1441 988 1503 digna
1007 1441 1158 1487 seculo
1180 1454 1262 1489 tuo
1285 1446 1567 1506 contingant.

301 1525 485 1569 Fortem
498 1534 541 1568 te
559 1534 605 1567 et
623 1518 815 1566 hilarem
834 1556 847 1578 ,
863 1523 1116 1583 Imperator
1132 1523 1305 1584 optime
1318 1556 1332 1579 ‚
1351 1535 1402 1570 et
1423 1525 1569 1586 priva-

308 1602 390 1647 tim
409 1611 455 1646 et
475 1597 657 1661 publice
676 1610 800 1659 opto.

360 1738 421 1795 (ι)
443 1739 608 1780 Librum
633 1737 764 1788 hunc,
783 1752 806 1779 e
825 1739 955 1781 Gallia
974 1739 1015 1782 in
1042 1739 1201 1781 ltaliam
1218 1754 1243 1780 a
1259 1741 1367 1782 Petr.
1390 1739 1570 1784 Leandro
1620 1765 1621 1768 ¹

305 1809 471 1851 allatum
481 1840 493 1859 ‚
509 1809 685 1863 vulgavit
693 1810 849 1864 primus
864 1811 1130 1867 Hieronymus
1144 1812 1358 1862 Aventius,
1370 1812 1573 1855 veronen·

307 1881 381 1928 sis,
412 1893 505 1921 anu.
532 1882 646 1921 1502.
667 1878 867 1937 Quidam,
897 1879 967 1922 sed
986 1882 1101 1936 pauci
1119 1879 1283 1937 quidem
1308 1896 1502 1932 numero,
1524 1889 1566 1922 ut

308 1951 489 2007 spurium
507 1959 549 1991 et
567 1950 867 2007 supposititium
886 1950 1034 1994 frustra
1051 1949 1262 2006 repudiare
1281 1954 1418 1995 eonati
1437 1960 1541 1997 sunt.
