1650 2550
370 212 713 257 TRAJANO
750 211 1054 256 DICTUS.
1256 210 1342 270 275

74 299 431 364 ‘utet-rogandus
475 303 668 359 videris,
693 297 857 349 satisne
895 305 1223 364 computaveris
1254 304 1349 346 im-

73 381 188 440 perii
225 379 406 425 reditus
414 397 429 434 ς
469 395 527 424 an
563 392 708 425 tantas
750 382 869 426 vires
903 379 1070 424 habeat
1114 378 1349 440 frugalitas

74 458 331 517 principis,
356 469 408 502 ut
430 467 498 502 tot
517 457 785 519 impendiis,
811 469 877 502 tot
898 456 1229 517 erogationibus
1256 454 1351 500 sola

78 535 280 582 sufficiat
294 536 318 579 ἲ
338 538 453 580 Nam
484 536 595 597 quid
624 551 690 583 est
717 553 863 582 causae
879 572 891 591 ,
913 551 996 581 cur
1014 535 1111 580 aliis
1134 534 1320 596 quidem
1335 570 1348 590 ,

82 628 233 674 quum
260 616 420 658 omnia
451 626 688 674 raperent,
711 627 756 660 et
785 626 915 674 rapta
938 615 1204 664 retinerent,
1238 624 1288 657 ut
1316 613 1355 656 εἰ

82 689 202 735 nihil
223 690 509 750 rapuissent,
534 689 647 735 nihil
669 693 957 736 retinuissent
973 724 984 743 ‚
1009 687 1236 734 defuerint
1258 702 1358 732 om·-

84 768 186 820 ³5⁸3
218 766 333 820 tibi,
361 782 506 827 quum
535 778 626 811 tam
649 766 792 811 multa
820 766 1046 826 largiaris,
1072 779 1155 810 nec
1180 764 1360 809 auferas

87 845 378 907 quidquam,
403 846 557 889 omnia
594 846 851 905 supersint?
882 848 1126 906 Nunquam
1147 845 1362 905 principi-

88 921 177 969 bus
199 921 479 975 defuerunt,
499 924 579 983 qui
602 922 749 967 fronte
770 924 896 982 gravi
919 935 964 969 et
986 924 1101 967 tristi
1124 920 1362 982 supercilio

90 1000 372 1046 utilitatibus
403 998 499 1046 fisci
530 1001 857 1045 contumaciter
890 999 1121 1044 adessent:
1157 1012 1201 1046 et
1237 1010 1365 1044 erant

90 1080 328 1140 principes
357 1079 444 1138 ipsi
471 1093 554 1123 sua
578 1089 734 1139 sponte
757 1077 879 1122 avidi
910 1090 955 1122 et
983 1092 1190 1137 rapaces,
1220 1090 1264 1123 et
1286 1080 1365 1139 qui

94 1156 329 1215 magistris
356 1170 447 1200 non
471 1168 675 1213 eger-eun
701 1153 831 1215 plura
857 1166 1007 1199 tamen
1030 1168 1208 1213 semper
1224 1170 1250 1198 a
1279 1170 1365 1199 no-

94 1231 172 1278 bis
188 1244 350 1278 contra
369 1246 452 1277 nos
470 1230 753 1278 didicerunt:
780 1231 860 1276 sed
879 1229 939 1276 ad
960 1241 1059 1277 tuas
1078 1245 1209 1276 aures
1224 1247 1368 1293 quum

97 1312 277 1354 caeteris
295 1307 509 1352 omnibus
523 1341 535 1360 ‚
555 1319 653 1352 tum
672 1305 744 1351 vel
762 1309 957 1352 maxime
977 1308 1124 1352 avaris
1147 1307 1370 1353 adulatio-

98 1385 242 1432 nibus
254 1385 514 1430 obstructus
523 1397 590 1429 est
598 1384 762 1430 aditus.
781 1383 921 1430 Silent
935 1398 1041 1443 ergo
1050 1396 1094 1430 et
1109 1387 1344 1447 quiescunt
1355 1421 1368 1441 ,

103 1474 151 1509 et
178 1474 426 1525 postquam
456 1476 545 1506 non
569 1474 635 1507 est
657 1462 729 1507 cui
753 1460 1014 1515 suadeatur,
1046 1464 1125 1523 qui
1156 1463 1373 1509 suadeant

106 1556 202 1586 uon
226 1552 348 1586 suut.
370 1541 473 1598 Quo
491 1541 638 1585 evenit
651 1571 663 1592 ,
686 1550 736 1585 ut
754 1536 838 1583 tibi
862 1553 1007 1599 quum
1023 1537 1272 1600 plurimum
1293 1555 1375 1600 pro

109 1621 202 1663 tuis
218 1651 232 1671 ‚
254 1614 360 1677 plus
383 1628 531 1661 tamen
554 1631 639 1676 pro
657 1616 820 1661 nostris
845 1615 1048 1660 moribus
1067 1615 1332 1661 debeamus.

175 1695 314 1740 XLu.
334 1694 733 1738 Locorum-samm
756 1704 800 1738 et
812 1691 972 1737 fiscum
993 1705 1038 1738 et
1060 1694 1268 1736 aerarium
1287 1706 1380 1737 non

113 1784 211 1819 tam
230 1771 448 1815 Voconiae
468 1782 513 1815 et
535 1768 667 1815 Juliae
688 1769 831 1830 leges,
856 1783 994 1830 quam
1016 1769 1259 1828 majestatis
1282 1771 1379 1813 sin-

117 1847 279 1909 gulare
301 1859 347 1891 et
367 1847 548 1891 unicum
568 1848 736 1891 crimen
756 1861 932 1899 eorum,
952 1847 1032 1906 qui
1053 1846 1240 1888 crimine
1255 1860 1386 1890 vaca-

119 1936 241 1970 rent.
268 1921 412 1981 Hujus
431 1932 480 1966 tu
503 1937 673 1967 metum
687 1926 869 1983 penitus
890 1919 1104 1966 sustulisti
1122 1953 1136 1972 ,
1149 1930 1383 1967 contentus

121 1999 440 2062 magnitudine
453 2034 466 2053 ,
481 2015 571 2060 qua
586 2001 699 2050 nulli
714 2003 856 2060 magis
870 2010 1112 2044 caruerunt
1124 2031 1137 2051 ,
1154 2011 1291 2058 quam
1308 2002 1387 2060 qui

126 2079 219 2125 sibi
254 2078 536 2137 majestatem
573 2078 877 2123 vindicabant.
915 2075 1104 2121 Reddita
1139 2087 1206 2122 est
1234 2077 1389 2122 amicis

126 2157 268 2214 fides,
296 2156 453 2202 liberis
477 2158 646 2218 pietas,
668 2157 937 2219 obsequium
964 2156 1102 2200 servis
1124 2171 1135 2200 :
1159 2167 1389 2209 verentur,
