1650 2550
508 199 728 244 mmm
762 200 818 243 x.
1212 201 1296 262 157

60 291 190 338 culum
212 304 303 348 est,
327 309 387 338 ne
403 307 569 353 pamm
595 291 789 338 utiliter:
811 292 1160 353 incompositum
1182 296 1302 340 enim

61 383 97 415 et
114 386 312 433 marsum
328 383 412 417 est.
433 372 656 417 Praeterea
674 371 942 416 architectus
956 405 969 423 ‚
990 387 1094 417 sane
1116 372 1304 417 aemulus

61 448 164 507 ejus,
184 467 209 495 a
232 465 326 512 quo
341 464 460 511 opus
477 448 740 503 inchoatum
759 460 824 493 est
839 485 852 505 ‚
876 449 1088 501 affirmat,
1112 453 1305 510 parietes

66 526 356 587 (quamquam
381 526 536 585 viginti
561 538 606 570 et
627 524 741 569 duos
763 525 900 585 pedes
924 525 1069 584 latos)
1096 527 1306 587 imposita

63 614 184 646 onera
199 605 421 648 sustinere
439 617 529 647 non
550 618 679 663 posse
695 638 708 658 ‚
732 604 841 664 quia
860 606 954 647 sine
975 616 1191 648 caemento
1211 619 1305 648 me-

63 678 129 723 dio
148 679 270 733 farti,
291 696 374 725 nec
400 692 590 725 testaceo
609 695 745 740 opere
766 681 1008 739 praecincti.
1037 679 1308 740 Claudiopo-

62 751 174 801 litani
198 772 381 819 quoque
405 758 454 805 jn
477 756 688 817 depresso
716 755 814 800 loco
832 791 844 810 ,
875 757 1137 800 imminente
1169 757 1306 802 etiam

63 847 226 891 monte,
260 839 416 894 ingens
446 833 677 879 balineum
705 833 967 888 defodiunt,
1001 836 1141 894 magis
1166 850 1306 895 quam

64 910 266 958 edificant
280 947 294 966 ,
310 924 355 956 et
369 911 554 972 quidem
573 927 626 955 ex
640 927 694 956 ea
711 913 903 972 pecunia
920 945 933 965 ‚
955 926 1091 970 quam
1113 910 1310 958 buleutae

63 989 190 1034 additi
207 990 426 1036 beneficio
449 1002 555 1043 mo,
576 1002 655 1035 aut
674 991 768 1048 jam
791 987 1056 1034 obtulerunt
1074 989 1133 1034 ob
1159 993 1312 1036 introi·

62 1078 172 1121 mm,
192 1080 273 1113 aut
296 1067 426 1112 nobis
448 1066 727 1127 exigentibus
750 1065 1000 1111 conferent.
1026 1068 1141 1126 Ergo
1166 1082 1310 1128 quum

61 1146 248 1200 timeam,
265 1161 323 1190 ne
339 1144 429 1190 illic
437 1145 618 1206 publica
635 1147 844 1205 pecunia,
863 1144 952 1196 hic,
969 1143 1092 1203 quod
1107 1156 1173 1190 est
1186 1147 1311 1191 omni

60 1226 238 1284 pecnnia
265 1227 530 1287 pretiosius,
552 1239 717 1268 munus
741 1236 871 1268 tuum
900 1220 1018 1266 male
1041 1220 1308 1280 collocetur,

62 1318 184 1364 cogor
203 1316 357 1364 petere
379 1319 405 1348 a
430 1316 473 1348 te
487 1336 500 1357 ‚
522 1318 613 1346 non
631 1301 777 1346 solum
797 1300 858 1346 ob
880 1300 1103 1346 theatrum
1118 1336 1130 1356 ‚
1152 1318 1308 1348 verum

63 1383 185 1425 etiam
197 1380 260 1425 ob
282 1380 376 1425 haec
397 1378 577 1424 balinea
593 1413 605 1432 ‚
627 1381 777 1423 mittas
792 1377 1084 1423 architectum
1101 1413 1113 1432 ‚
1136 1378 1312 1440 dispec-

63 1467 203 1502 turum
215 1492 228 1512 ‚
245 1470 401 1501 utrum
418 1457 475 1501 sit
487 1454 641 1500 utilius
654 1488 666 1508 ‚
683 1468 786 1515 post
800 1468 1031 1515 sumptum
1044 1491 1056 1510 ,
1073 1459 1153 1517 qui
1167 1455 1311 1501 factus

64 1548 141 1587 est,
161 1549 348 1596 quoquo
366 1532 502 1578 modo
516 1548 829 1578 consummare
849 1547 984 1593 opera
1003 1568 1016 1587 ‚
1036 1546 1083 1579 ut
1103 1533 1312 1578 inchoata

63 1625 177 1659 mut:
199 1628 276 1667 an,
292 1629 397 1674 quae
412 1610 622 1656 videntur
636 1610 935 1665 emendanda,
952 1614 1188 1671 corrigam
1211 1627 1312 1672 quae

62 1689 361 1735 transferenda
377 1723 390 1743 ‚
407 1687 675 1742 transferre;
693 1703 748 1732 ne
761 1721 773 1742 ,
789 1688 901 1732 dum
916 1703 1091 1733 servare
1100 1687 1310 1733 volumus

63 1767 174 1828 quod
188 1769 448 1829 impensum
470 1777 562 1822 est,
582 1764 699 1811 male
716 1765 1031 1827 impendamus
1044 1799 1058 1821 ‚
1078 1763 1203 1829 quod
1220 1764 1308 1810 ad·-

63 1843 254 1892 dandum
268 1854 352 1890 est.
