1650 2550
400 176 744 222 TRAJANO
778 178 1079 224 DICTUS.
1280 176 1370 224 333

56 273 240 318 otium
278 285 310 315 a
343 281 414 325 te,
439 282 674 333 tamquam
696 287 767 316 res
794 273 992 332 optima,
1023 283 1069 316 et
1094 282 1300 331 petatur,
1323 283 1369 317 et

56 349 244 397 detur.
267 351 426 409 Quam
452 364 535 410 ego
561 350 699 395 audio
722 349 1036 395 confusionem
1056 361 1185 395 tuam
1201 349 1364 406 fuisse,

65 443 242 490 quum
274 426 613 487 digredientem
652 428 989 489 prosequereris
1007 427 1018 472 !
1058 430 1364 488 Prosequutns

66 509 218 552 enim
230 539 247 561 ‚
265 520 357 552 nec
371 506 629 566 temperasti
648 505 731 551 tibi
744 539 758 560 ‚
777 506 1023 567 quominus
1038 506 1216 550 exeunti
1233 506 1283 548 in
1298 502 1365 551 lit·

63 595 181 630 tore
213 581 462 644 amplexus
489 582 695 629 osculum
720 581 1033 629 ferressstetit
1052 584 1200 628 Caesar
1220 583 1268 625 in
1287 581 1363 626 illa

66 663 309 708 amicitiae
333 659 542 721 specula,
565 673 863 724 precatusque
886 662 1054 715 maria,
1078 658 1360 721 celeremque

69 742 146 800 (si
179 752 353 785 tamen
372 739 467 798 ipse
493 737 731 797 voluisset)
762 754 1020 793 recursum;
1042 753 1125 782 nec
1147 739 1360 783 sustinuit

68 815 390 864 recedentem
408 848 421 868 ,
446 830 540 860 non
566 817 701 860 etiam
724 827 860 876 atque
888 818 1021 861 etiam
1049 816 1188 868 votis,
1212 812 1358 876 lacry-

70 897 168 945 mis
192 895 354 954 sequi.
375 893 492 938 Nam
510 893 567 938 de
591 892 857 940 liberalitate
878 905 1016 939 taceo.
1039 891 1216 952 Quibus
1233 894 1356 937 enim

72 973 367 1021 muneribus
385 974 555 1034 aequari
572 972 668 1018 haec
687 988 794 1018 cura
812 974 1030 1037 principis
1046 1006 1058 1027 ,
1075 971 1168 1018 haec
1186 974 1356 1034 patien-

75 1055 145 1100 tia
162 1062 352 1114 potest,
375 1065 468 1110 qua
492 1053 691 1096 meruisti
716 1062 766 1096 ut
783 1050 858 1096 ille
881 1051 968 1096 sibi
990 1052 1179 1095 nimium
1199 1050 1353 1107 fortis,

74 1148 135 1178 ac
153 1145 309 1192 prope
332 1128 476 1174 durus
493 1128 751 1174 videretur?
769 1132 862 1174 Nec
875 1128 1058 1183 dubito,
1083 1129 1195 1189 quin
1214 1131 1351 1188 agita-

74 1211 203 1253 verit
221 1220 385 1251 secum
400 1239 414 1259 ‚
434 1220 494 1250 au
507 1204 817 1265 gubernacula
836 1217 1136 1265 retorqueret:
1163 1219 1207 1253 et
1222 1207 1354 1253 fecis-

80 1299 182 1341 set,
220 1287 315 1330 nisi
356 1284 480 1346 quod
513 1300 630 1346 pene
669 1287 767 1345 ipso
803 1285 1102 1330 contubernio
1136 1288 1351 1348 principis

78 1363 267 1411 feticius
281 1361 620 1423 jucundiusque
638 1374 703 1408 est
725 1361 981 1406 desiderare
1005 1363 1253 1423 principem
1271 1364 1352 1409 de·

84 1441 386 1488 siderantem.
412 1443 466 1485 Et
486 1438 558 1485 ille
578 1439 762 1499 quidem
784 1451 834 1484 ut
856 1441 1046 1483 maxima
1068 1438 1239 1487 fructus
1258 1457 1350 1487 sus·

86 1521 239 1581 cepti,
267 1519 327 1563 ita
355 1516 523 1575 majore
545 1517 735 1577 depositi
757 1515 893 1561 officii
919 1515 1060 1576 gloria
1082 1517 1275 1563 fruitur:
1300 1530 1351 1565 tu

86 1608 251 1646 autern
274 1593 488 1642 facilitate
509 1596 592 1641 ista
616 1607 921 1654 consequutus
942 1610 989 1640 es
1003 1629 1016 1650 ,
1038 1611 1097 1640 ne
1118 1611 1254 1658 quem
1277 1613 1349 1643 re-

87 1677 239 1722 tinere
257 1672 451 1718 videaris
473 1674 682 1718 invitum.

153 1750 412 1796 Lxxxvu.
442 1750 605 1795 C1v1u³
626 1748 712 1794 hoc
739 1761 861 1806 erat,
892 1762 937 1796 et
959 1751 1136 1811 parenti
1162 1750 1346 1810 publico

91 1829 570 1878 convenientissimum
584 1862 598 1882 ,
621 1827 734 1874 nihil
756 1844 940 1890 cogere,
965 1843 1230 1889 semperque
1251 1846 1349 1875 me·

92 1907 305 1961 minisse,
328 1904 501 1950 nullam
530 1917 702 1951 tantam
725 1917 991 1967 potestatem
1012 1905 1224 1965 cuiquam
1247 1906 1347 1951 dari

91 2000 252 2049 posse,
269 1993 320 2029 ut
342 1998 432 2028 uon
449 1986 505 2029 sit
522 1987 692 2043 gratior
713 1996 931 2044 potestate
951 1983 1147 2029 libertas.
1170 1985 1344 2043 Dignus

93 2080 143 2111 ez
156 2097 170 2119 ,
191 2063 351 2115 Caefflt‘,
372 2063 452 2122 qui
464 2060 613 2107 officia
621 2062 807 2108 mandes
817 2061 1044 2122 deponere
1056 2057 1341 2122 optantibns3

94 2143 179 2206 qui
209 2139 458 2202 petentibus
488 2141 794 2196 vacationem,
819 2140 987 2189 invitus
1019 2139 1229 2204 quidem,
1262 2137 1343 2188 sed
