1650 2550
282 184 346 230 36
612 185 665 229 C.
703 181 951 227 PLINII
984 177 1214 225 EPIST.

287 279 366 336 git.
383 277 515 330 Anio,
529 274 871 322 delicatissimus
886 275 1088 320 amnium
1101 307 1115 328 ,
1129 273 1329 334 ideoque
1344 274 1604 335 adjacen-

288 352 410 399 tibus
433 350 548 398 villis
569 351 693 398 velut
719 353 932 398 invitatus
962 363 1277 412 retentusque,
1306 367 1501 414 magua
1527 371 1601 401 ex

287 442 418 491 parte
436 445 625 476 nemora
636 428 802 491 quibus
817 428 1106 475 inumbratur
1119 462 1133 484 ‚
1147 426 1281 489 fregit
1295 440 1345 474 et
1368 437 1562 494 rapuit
1578 449 1596 479 ε

292 510 473 557 subruit
486 521 688 565 montes,
711 521 758 555 et
777 508 1084 554 decidentium
1105 506 1225 554 mole
1246 506 1487 569 pluribus
1513 511 1600 558 lo-

292 589 356 633 cis
389 587 594 642 clausus,
630 585 743 631 dum
773 586 989 630 amissum
1022 586 1110 630 iter
1139 585 1302 646 quaerit
1315 617 1331 638 ,
1370 587 1599 649 impulit

293 677 410 712 tecta
423 700 436 721 ,
456 681 509 711 ac
526 681 574 711 se
593 680 731 727 snper
747 666 900 710 ruinas
920 664 1049 724 ejecit
1065 675 1202 724 atque
1219 661 1398 709 extulit.
1430 667 1601 713 Vide-

294 754 426 797 runt,
450 758 564 804 quos
585 741 905 788 excelsioribus
935 743 1064 786 terris
1094 739 1173 786 illa
1197 751 1462 800 tempestae
1491 744 1599 790 de-

294 819 535 882 prehendit
547 855 560 875 ,
579 818 689 866 alibi
706 820 901 866 divitum
919 832 1163 881 apparatus
1176 853 1189 875 ,
1208 831 1255 864 et
1271 834 1484 879 gravem
1505 839 1600 870 su-

294 898 565 962 pellectilem
576 915 590 953 ;
629 897 737 944 alibi
774 901 1073 944 instrumenta
1107 900 1253 944 ruris:
1287 898 1357 944 ihi
1393 899 1569 949 boves
1581 938 1599 960 ‚

300 987 449 1021 aratra
458 1009 471 1029 ‚
485 986 677 1021 rectores
689 975 786 1030 3hic
803 973 951 1021 soluta
963 987 1009 1021 et
1020 973 1164 1020 libera
1178 987 1408 1032 armenta3
1427 991 1601 1043 atque

300 1055 417 1099 inter
436 1052 532 1098 haec
558 1052 775 1098 arborum
795 1064 980 1098 uuncos
997 1087 1010 1109 ,
1035 1065 1114 1098 ant
1135 1051 1346 1098 villarum
1378 1055 1564 1103 trabes
1582 1092 1599 1114 ‚

301 1131 425 1176 varie
438 1127 616 1191 lateque
631 1128 868 1175 fluitantia.
888 1134 950 1174 Ac
963 1145 1019 1175 ne
1032 1128 1110 1175 iila
1124 1128 1311 1192 quidem
1327 1128 1431 1176 loca
1450 1134 1602 1181 malo

266 1217 273 1224 ’
302 1219 601 1263 vacaverunt,
620 1205 680 1251 ad
697 1222 800 1269 quae
822 1220 914 1251 non
932 1207 1132 1253 ascendit
1148 1207 1309 1252 amnis.
1337 1210 1468 1254 Nam
1497 1227 1604 1274 pro

304 1300 438 1332 amne
456 1286 603 1331 imber
620 1284 824 1331 assiduus
844 1320 856 1339 ‚
873 1297 918 1332 et
935 1286 1097 1346 dejecti
1110 1285 1309 1332 nubibus
1327 1286 1600 1347 turbines;

303 1376 493 1427 proruta
523 1378 685 1425 opera,
724 1363 891 1426 quibus
923 1366 1118 1426 pretiosa
1148 1380 1256 1410 rura
1292 1366 1602 1427 cinguntur3

307 1454 517 1506 quassata
540 1454 677 1504 atque
706 1444 844 1488 etiam
874 1440 1060 1487 decussa
1092 1454 1406 1488 monumenta.
1439 1445 1605 1494 Multi

306 1517 527 1579 ejusmodi
541 1517 719 1563 casibus
736 1516 979 1574 debilitati,
991 1517 1143 1564 obi-nti
1156 1554 1169 1575 ‚
1185 1518 1362 1574 obtriti;
1378 1532 1428 1567 et
1441 1536 1606 1570 aucta

306 1595 506 1643 luctibus
528 1595 710 1641 damna.
744 1597 813 1640 Ne
837 1596 950 1657 quid
978 1594 1123 1642 simile
1154 1597 1251 1642 istic
1269 1631 1281 1651 ,
1313 1612 1401 1658 pro
1437 1614 1601 1647 men-

310 1691 416 1720 sura
437 1674 627 1736 periculi
645 1709 658 1730 ‚
685 1688 873 1720 vereor:
907 1686 1043 1735 teque
1071 1690 1207 1736 rogo,
1242 1675 1280 1719 si
1311 1673 1429 1721 nihil
1457 1679 1598 1738 tale,

312 1767 451 1814 quam
464 1752 765 1799 maturissime
793 1749 1084 1798 sollicitudini
1101 1767 1215 1798 meae
1234 1751 1474 1808 consulas3
1502 1757 1600 1804 sed

312 1842 358 1876 et
381 1832 419 1875 si
440 1829 553 1885 tale,
577 1828 623 1874 id
646 1843 829 1890 quoque
857 1831 1052 1876 nunties.
1079 1832 1196 1889 Nam
1217 1829 1466 1892 parvulum
1488 1833 1601 1880 dif-

312 1905 401 1953 fert
412 1909 597 1969 patiaris
615 1905 828 1960 adversa,
848 1921 909 1951 an
922 1919 1168 1970 exspectes;
1189 1906 1410 1968 nisiquod
1419 1919 1596 1958 tamen

314 1995 382 2029 est
402 1982 583 2029 dolendi
610 1982 772 2027 modus
786 2016 800 2036 ,
822 1998 917 2027 non
938 1995 1007 2028 est
1026 1982 1232 2028 timendi.
1257 1981 1421 2028 Doleas
1452 1989 1594 2034 enim

317 2073 539 2122 quantum
568 2062 679 2106 scias
715 2059 928 2107 accidisse
944 2077 960 2117 ;
993 2063 1152 2106 timeas
1177 2071 1404 2121 quantum
1434 2066 1593 2122 possit

316 2139 541 2187 accidere.
566 2136 692 2184 Vale.
