1650 2550
425 189 771 233 TRAJANO
806 187 1107 234 DICTUS.
1309 188 1395 234 255

126 279 316 338 junxisti
333 278 455 324 enim
473 293 526 324 ec
544 280 763 325 miscuisti
775 295 848 325 res
861 278 1185 324 diversissimas
1197 314 1210 335 ,
1235 280 1399 325 securi-

128 367 271 403 tatem
306 355 420 401 olim
452 358 713 419 imperantis
729 392 744 413 ,
781 370 827 403 et
864 359 1117 418 incipientis
1153 358 1393 419 pudorem.

131 437 232 480 Non
254 447 309 480 tn
339 436 508 480 civium
534 435 767 497 amplexus
792 436 852 481 ad
876 436 1013 496 pedes
1033 449 1133 483 tuos
1152 437 1393 497 deprimis,

128 528 212 559 nec
228 512 442 558 osculum
468 528 611 558 manu
635 513 804 559 reddis.
826 515 984 559 Manet
1001 515 1264 574 imperatori
1293 524 1395 574 qnae

126 591 255 650 prior
272 591 367 634 oris
386 588 642 635 humanitas
655 624 668 644 ,
692 589 886 635 dexterae
907 589 1196 635 verecundia.
1216 589 1396 635 Incede-

126 665 209 712 δας
243 666 468 727 pedibus,
501 666 697 713 incedis:
733 666 959 714 laetabaris
990 667 1171 722 labore,
1200 665 1392 723 laetaris3

124 744 383 805 eademque
402 746 554 789 omnia
577 742 652 789 illa
673 747 790 790 circa
808 756 878 800 te,
900 743 1015 790 nihil
1042 747 1088 789 in
1108 747 1207 806 ipso
1235 755 1278 789 te
1300 743 1393 789 for·

123 834 237 868 tana
260 821 471 868 mutavit.
493 822 708 867 Liberum
730 834 822 878 est,
850 823 1125 883 ingrediente
1146 837 1230 883 per
1247 820 1395 882 publi-

122 913 234 945 cum
271 900 477 958 principe
490 933 503 953 ‚
546 897 790 944 subsistere
804 933 817 953 ‚
856 913 1117 953 occurrere,
1159 900 1390 953 comitari,

122 977 390 1038 preterire:
416 974 619 1020 ambulas
639 976 758 1021 inter
784 991 892 1030 nos,
918 988 968 1021 ut
985 977 1117 1037 quasi
1137 978 1390 1037 contingas;

119 1065 169 1100 et
191 1056 376 1115 copiam
400 1055 491 1107 tui,
521 1068 612 1098 non
632 1065 684 1098 ut
704 1054 926 1114 imputes,
948 1052 1072 1098 facis.
1096 1054 1244 1099 Haeret
1263 1053 1392 1100 lateri

118 1143 206 1178 tuo
224 1132 437 1192 quisquis
467 1131 678 1175 accessit:
702 1129 932 1191 finemque
954 1131 1150 1174 sermoni
1176 1144 1283 1174 suus
1301 1132 1392 1176 cui·

116 1225 215 1272 que
235 1208 415 1269 pudor,
439 1222 530 1252 non
557 1218 636 1252 tua
659 1206 874 1268 superbia
895 1206 1020 1251 facit.
1053 1208 1265 1266 Reginam·
1286 1209 1389 1271 qui-

114 1289 231 1335 dem
253 1302 283 1332 a
302 1298 374 1341 te,
399 1298 445 1332 et
465 1284 654 1344 subjecti
676 1285 760 1331 tibi
773 1319 786 1340 ,
810 1284 891 1329 sed
910 1283 1297 1346 quemadmodum
1323 1286 1390 1332 le-

114 1366 283 1428 gibus,
307 1379 480 1409 sumus.
499 1366 615 1408 Nam
633 1375 678 1409 et
695 1362 783 1408 iuae
804 1361 1073 1422 cupiditates
1094 1376 1267 1408 nostras
1289 1363 1389 1409 libi·

112 1444 346 1504 dinesque
380 1438 699 1493 moderantur,
732 1438 970 1484 nobiscum
1005 1449 1156 1483 tamen
1197 1453 1243 1486 et
1271 1443 1389 1487 inter

111 1537 202 1567 nos
221 1530 482 1565 versantur.
510 1519 714 1570 Emffles,
735 1514 911 1561 excellis
924 1550 938 1579 ›.
957 1527 1008 1560 ut
1034 1515 1205 1572 honor,
1235 1529 1285 1562 ut
1302 1533 1387 1579 po-

107 1611 256 1645 testas
268 1631 282 1653 ‚
304 1611 411 1658 quae
422 1609 559 1656 super
571 1592 779 1638 homines
790 1592 978 1652 quidem
990 1626 1003 1646 ,
1022 1591 1264 1638 hominnm
1282 1607 1386 1641 sunt

109 1690 292 1725 umen.
314 1677 432 1719 Ante
453 1684 498 1718 te
515 1673 741 1734 principes
758 1706 770 1726 ‚
802 1671 984 1716 fastidio
1010 1675 1176 1726 nostri,
1200 1684 1245 1717 et
1267 1689 1382 1733 quo-

108 1757 229 1802 dam
263 1750 535 1814 equalitatis
567 1761 717 1804 metu,
755 1765 889 1793 usum
919 1749 1091 1810 pedum
1121 1752 1381 1797 amiserant.

103 1833 222 1882 Illos
240 1845 353 1893 ergo
372 1828 554 1874 humeri
575 1828 861 1888 cervicesque
889 1840 1122 1871 servorum
1144 1839 1281 1885 super
1301 1843 1382 1872 ora

103 1926 299 1966 noeti-83
324 1921 370 1955 te
387 1908 537 1962 fama,
561 1918 605 1952 te
625 1906 791 1968 gloria,
814 1918 861 1951 te
878 1907 1048 1951 civium
1068 1906 1238 1966 pietas,
1265 1917 1307 1951 te
1330 1905 1379 1951 li-

102 1994 269 2040 bertas
293 2002 434 2048 super
463 1988 584 2047 ipsos
611 1985 837 2047 principes
868 1982 1065 2029 vehunt:
1090 1994 1132 2028 te
1150 1981 1209 2028 ad
1231 1983 1378 2030 sidera

96 2071 232 2121 tollit
260 2067 435 2113 humus
464 2065 549 2109 ista
573 2063 852 2116 communis,
884 2072 930 2106 et
951 2059 1137 2106 confusa
1161 2062 1377 2124 principis

96 2149 314 2210 vestigia.
