1650 2550
534 183 757 231 L'IBER
793 188 849 231 X.
1240 182 1321 243 193

66 268 175 328 palti
188 268 310 315 filius
328 282 373 317 ct
389 285 505 317 uxor
521 274 680 318 Dionis
692 306 705 327 ,
720 274 767 317 in
787 287 894 316 area
907 269 1176 316 collocatum
1188 304 1201 325 ,
1222 285 1325 331 quae

68 346 311 405 porticibus
331 348 592 394 includitur.
613 351 678 394 Te
692 384 705 404 ,
727 351 945 404 Domine,
966 363 1103 408 rogo,
1123 359 1176 394 ut
1193 363 1265 391 me
1278 349 1328 391 in

69 421 149 469 hoc
166 428 401 488 praecipue
435 442 596 488 genere
626 428 892 487 cognitionis
923 441 1077 486 regere
1102 425 1324 486 digneris,

70 515 209 560 quum
238 504 438 565 alioquin
470 519 633 565 magna
667 506 723 550 sit
751 504 1046 565 exspectatio,
1071 516 1122 548 ut
1147 516 1326 547 necesse

70 579 145 632 sit,
166 580 215 623 in
237 594 293 625 ea
320 596 394 635 rc,
419 596 520 643 quae
537 592 583 626 et
600 581 645 625 in
668 595 929 626 consessum
946 581 1094 634 venit,
1114 590 1160 624 et
1176 592 1326 623 exem-

66 653 148 713 plis
164 656 442 724 defenditur.

454 810 740 830 mm

1127 807 1317 828 m

519 927 859 978 LXXXVI.

343 1067 733 1113 TRAJANUS
774 1067 1053 1112 PLINIO.

106 1204 310 1250 Dionem
326 1201 519 1248 absolvit
534 1201 592 1246 ab
611 1201 937 1246 insimulatione
962 1202 1151 1246 criminis
1169 1197 1286 1248 laesoe

582 1282 841 1343 majestatis.

120 1426 354 1471 Po'rmsn
385 1436 477 1467 non
505 1420 702 1476 haerere,
739 1422 804 1465 mi
836 1421 1041 1467 Secunde
1069 1425 1298 1470 carissime
1312 1458 1324 1478 ,

65 1504 183 1549 circa
205 1501 254 1546 id
275 1500 336 1546 de
348 1515 441 1562 quo
454 1515 527 1545 me
540 1497 866 1545 consulendum
880 1500 1136 1546 existimasti
1153 1536 1165 1557 ‚
1182 1517 1327 1563 quum

65 1580 355 1641 propositum
377 1591 531 1622 meum
544 1588 713 1637 optime
726 1592 878 1622 nosses
891 1611 904 1632 ,
929 1592 1020 1622 non
1033 1594 1086 1623 ex
1101 1591 1226 1623 metu
1244 1594 1326 1624 nec

64 1669 239 1705 terrore
265 1657 530 1710 homiuum,
558 1668 637 1701 ant
665 1656 931 1703 criminibus
959 1657 1227 1716 majestatis,
1253 1674 1328 1703 re-

66 1738 320 1784 verentiam
349 1734 523 1778 nomini
555 1746 656 1778 meo
691 1735 883 1794 acquiri.
918 1736 1094 1780 Omissa
1131 1750 1236 1795 ergo
1275 1751 1330 1780 ea

66 1815 345 1877 quaestione‚
370 1826 513 1872 quam
541 1825 633 1854 non
652 1809 937 1857 admitterem
951 1846 963 1867 ,
987 1812 1162 1858 etiamsi
1182 1827 1331 1856 exem-

66 1892 151 1953 plis
166 1891 466 1951 adjuvaretur
478 1922 491 1942 ,
512 1889 628 1933 ratio
644 1882 778 1934 totius
795 1892 943 1950 operis
957 1888 1106 1934 effecti
1121 1887 1205 1932 sub
1219 1904 1330 1934 cura

68 1984 146 2017 tua
174 1970 427 2016 Cocceiano
455 1967 591 2010 Dioni
618 1969 894 2021 excutiatur,
919 1981 1062 2028 quum
1092 1978 1136 2010 et
1163 1965 1331 2011 utilitas

68 2049 263 2094 civitatis
299 2046 471 2106 exigat,
504 2059 587 2090 uec
608 2055 688 2090 aut
704 2056 881 2091 recuset
900 2046 1044 2099 Dion,
1064 2055 1144 2090 aut
1167 2041 1333 2089 debeat

68 2138 296 2172 recusare.
