1650 2550
381 189 726 239 TRAJANO
762 193 1064 238 DICTUS.
1264 191 1354 254 339

77 285 220 339 vim,
235 285 301 330 ita
319 299 413 329 una
428 284 678 346 eademqne
696 286 813 332 ratio
833 287 1053 347 propositi
1069 283 1350 346 postulabat3

78 360 221 420 cujus
245 376 301 406 ea
320 363 388 406 vis
405 397 418 417 ‚
440 373 490 407 nt
507 377 687 408 mot-nm
710 360 960 408 similitudo
980 361 1232 408 concordiae
1253 377 1354 408 nos-

75 448 165 484 trae
187 437 383 498 gloriam
405 442 604 493 minuat;
629 454 680 485 ac
699 439 890 500 perinde
910 441 969 485 sit
986 442 1154 484 mirum
1177 441 1215 486 si
1237 438 1350 486 alter

81 526 304 560 nostrum
326 529 353 559 a
372 513 567 575 collega,
596 530 649 560 ac
666 518 704 559 si
726 531 753 560 a
771 530 818 560 se
845 516 966 576 ipse,
984 513 1230 561 dissentiat.
1252 518 1377 583 Non·

75 608 193 654 ergo
212 595 544 653 temporarium
557 606 604 639 et
617 593 817 640 subitum
839 605 905 639 est
919 593 1043 655 quod
1057 606 1247 655 uterque
1266 592 1354 639 col-

73 669 195 732 legae
213 669 453 716 consulatu
470 705 483 725 ‚
503 683 739 732 tamquam
759 672 925 716 iterum
945 685 1028 716 suo
1045 669 1210 730 gaudet
1226 686 1242 714 τ
1267 672 1353 716 nisi

76 749 215 812 quod
233 761 388 795 tamen
407 750 487 809 qui
505 765 661 795 rursus
679 748 884 795 consules
901 749 1040 803 fiunt,
1056 748 1124 793 bis
1137 747 1323 810 quidem
1336 782 1350 804 ‚

79 828 165 873 sed
187 826 475 888 temporibus
493 827 681 874 diversis
703 827 986 888 obligantur3
1008 842 1091 873 nos
1108 826 1223 872 duos
1244 828 1353 872 con-

74 905 258 951 sulatus
280 907 528 966 accipimus
550 905 714 960 simul,
739 906 876 952 simul
896 906 1120 966 gerimus3
1143 904 1348 966 alterque

74 985 126 1029 in
144 983 298 1029 altero
320 982 504 1038 consul,
530 983 609 1029 sed
627 986 796 1029 iterum
817 995 863 1029 et
879 986 1049 1045 pariter
1066 999 1238 1029 sumus.

139 1061 286 1108 xcu.
305 1062 448 1106 luno
461 1076 568 1107 vero
581 1076 720 1123 quam
737 1061 909 1121 insigne
921 1094 935 1115 ‚
951 1061 1076 1121 quod
1093 1060 1223 1106 nobis
1241 1076 1353 1122 prae·

73 1136 213 1184 fectis
236 1138 400 1182 aerario
428 1135 711 1182 consulatum
742 1148 848 1182 ante
879 1151 1020 1198 qnam
1052 1151 1351 1183 successorem

77 1212 277 1258 dedisti!
308 1216 452 1258 Aucta
474 1225 542 1258 est
563 1211 755 1274 dignitas
777 1211 1018 1272 dignitate3
1042 1227 1189 1275 neque
1210 1215 1353 1259 conti-

77 1304 258 1337 nuatus
285 1302 463 1336 tantum
477 1325 490 1345 ‚
506 1291 582 1336 sed
593 1292 847 1352 geminatus
859 1302 928 1336 est
940 1289 1113 1344 honor3
1127 1291 1354 1354 finemque
1417 1324 1422 1328 -

74 1370 324 1432 potestatis
339 1367 522 1416 alterius
536 1404 549 1424 ‚
563 1381 796 1431 tamquam
813 1385 980 1430 parum
996 1382 1112 1415 esset
1124 1374 1326 1432 excipere
1337 1407 1350 1428 ,

70 1448 320 1509 praevenit.
335 1447 482 1491 Tanta
496 1445 576 1491 tibi
599 1447 866 1505 integritatis
883 1457 1048 1491 nostrae
1060 1446 1225 1494 fidncia
1240 1447 1326 1494 fuit
1336 1482 1350 1504 ‚

74 1536 132 1569 ut
159 1538 257 1568 non
293 1520 528 1567 dubitares
563 1534 605 1568 te
633 1521 757 1569 salva
786 1522 1030 1585 diligentioe
1058 1537 1148 1572 tuae
1180 1528 1351 1573 ratione

73 1616 176 1648 esse
195 1599 452 1654 facturum,
477 1601 513 1645 si
531 1615 612 1645 nos
638 1612 740 1663 post
761 1603 1013 1647 maximnm
1036 1602 1237 1648 officium
1257 1606 1350 1665 pri-

74 1689 212 1724 vatos
249 1692 345 1722 esse
377 1691 468 1721 non
499 1679 683 1724 sineres.
721 1678 845 1738 Quid
861 1712 874 1733 ‚
907 1678 1031 1740 quod
1063 1678 1274 1724 eumdem
1303 1682 1351 1725 in

80 1770 261 1802 annum
284 1752 568 1800 consulatum
595 1767 803 1801 nostrum
828 1755 1087 1801 contulisti?
1112 1757 1228 1815 Ergo
1258 1770 1350 1801 non

80 1833 174 1880 alin
207 1847 292 1877 nos
322 1834 513 1893 pagina,
543 1848 684 1894 quam
716 1845 758 1878 te
789 1831 1023 1879 consulem
1052 1834 1273 1893 accipiet:
1306 1845 1352 1879 et

80 1924 246 1959 nostra
261 1926 444 1972 quoque
458 1914 642 1957 nomina
661 1910 887 1958 addentur
903 1911 1028 1958 fastis
1042 1945 1055 1966 ,
1070 1910 1237 1973 quibus
1255 1913 1352 1974 ipse

84 1986 400 2053 persei-iberis.
415 1991 486 2033 Tu
501 1991 693 2034 comitiis
707 1993 869 2036 nostris
883 1988 1122 2051 praesidere
1133 2024 1145 2044 ,
1159 2001 1209 2033 tu
1221 1990 1352 2036 nobis

81 2066 423 2114 sanctissimum
439 2063 555 2111 illud
568 2080 752 2112 carmen
770 2071 932 2128 praeire
948 2066 1158 2127 dignatus
1175 2081 1252 2113 es:
1272 2078 1352 2113 tuo

78 2144 257 2214 judicio
280 2141 484 2190 consules
511 2143 646 2202 facti,
674 2157 753 2193 tua
774 2162 885 2194 voce
905 2146 1149 2194 renuntiati
1168 2159 1351 2202 sumus,
