1650 2550
359 181 711 229 TRAJANO
745 184 1047 232 DICTUS.
1247 179 1333 237 245

63 284 217 321 menta
233 307 249 327 ‚
269 290 420 336 quum
449 290 567 336 puer
586 275 839 322 admodum
861 275 1071 323 Parthica
1090 276 1222 322 lauro
1240 275 1338 337 glo-

64 355 182 399 riam
194 354 343 413 patris
356 368 543 413 augeres
556 388 569 406 ‚
583 369 842 416 nomenque
856 355 1111 400 Germanici
1121 355 1216 415 jam
1236 367 1337 401 tum

64 446 324 477 mererere:
354 446 498 492 quum
527 431 744 477 ferociam
770 431 1125 494 superbiamque
1151 431 1337 477 Partho·

14 547 21 552 .
65 524 171 555 rum
189 524 243 554 ex
261 510 470 569 proximo
487 509 669 555 auditus
682 524 852 570 magno
880 521 1052 555 terrore
1074 507 1308 555 cohiberes
1320 543 1335 564 ,

68 585 376 647 Rhenumque
394 597 440 631 et
464 573 743 647 Euphratem
761 585 1073 631 admirationis
1105 597 1196 631 tuae
1212 584 1336 630 fama

63 664 363 724 conjungeres
384 679 399 708 z
421 679 567 726 quum
584 664 745 711 orbem
771 677 999 711 terrarum
1020 679 1112 709 non
1137 661 1334 724 pedibus
1376 713 1382 720 p

63 745 209 803 magis
224 756 369 804 quam
384 741 595 788 laudibus
608 757 874 804 peragrat-es
883 777 897 799 ,
913 743 1038 806 apud
1056 757 1133 800 ens
1157 756 1337 804 semper

60 822 214 882 major
234 833 282 868 et
300 820 465 866 clarior
486 822 654 884 quibus
674 834 829 883 postea
849 824 1125 884 contigisses.
1148 823 1205 867 Et
1222 836 1334 866 nec·-

60 900 176 948 dum
188 902 446 961 ‘imperator
456 934 471 955 ,
487 899 683 945 necdum
697 899 771 945 dei
788 900 914 946 filius
932 915 1047 945 eras.
1066 899 1336 962 Hispaniam

62 978 456 1038 Germaniamque
484 992 630 1038 quum
656 975 867 1039 plurimae
895 989 1074 1039 gentes,
1108 992 1162 1023 ac
1190 990 1334 1038 prope

60 1057 245 1103 infinita
267 1057 452 1100 vastitas
480 1055 783 1115 interjacentis
805 1053 915 1110 soli,
942 1066 1043 1101 tum
1069 1056 1332 1117 Pyrenaeus,

58 1133 201 1196 Alpes
214 1166 229 1188 ,
253 1134 556 1194 immensique
574 1131 652 1177 alii
673 1144 873 1185 montes,
897 1133 984 1178 nisi
1004 1131 1075 1176 his
1100 1146 1339 1193 compara-

58 1223 254 1267 rentur,
279 1210 494 1255 muniunt
510 1209 837 1272 dirimuntque.
859 1211 946 1254 Per
966 1208 1053 1255 hoc
1070 1224 1204 1255 omne
1225 1224 1334 1270 spa-

59 1294 181 1337 tium
197 1303 353 1352 quum
367 1286 563 1347 legiones
581 1288 793 1345 duceres,
818 1303 899 1333 seu
918 1289 1071 1349 potius
1094 1290 1248 1347 (tanta
1263 1303 1336 1333 ve·

56 1368 226 1416 locius
258 1364 385 1412 erat!
401 1367 416 1424 )
440 1380 621 1433 raperes
635 1400 648 1421 ,
687 1380 781 1410 non
812 1364 1073 1411 vehiculum
1101 1380 1306 1425 unquam
1319 1399 1333 1421 ,

54 1463 150 1494 non
186 1457 368 1507 equum
403 1444 649 1504 respexisti.
669 1443 800 1488 Levis
829 1441 906 1488 hic
920 1475 934 1498 ,
959 1456 1051 1488 non
1082 1442 1336 1489 subsidium

53 1524 240 1573 itineris
257 1557 272 1578 ,
293 1520 376 1567 sed
392 1520 530 1567 decus
542 1555 556 1577 ,
579 1533 626 1567 et
641 1536 748 1566 cum
766 1522 937 1567 caeteris
956 1520 1335 1584 subsequebatur,

52 1618 104 1652 ut
127 1603 272 1664 cujus
290 1599 446 1646 nullus
465 1599 550 1646 tibi
566 1616 676 1646 usus
691 1634 704 1655 ,
724 1602 810 1645 nisi
824 1616 967 1662 quum
982 1600 1056 1647 die
1072 1602 1339 1647 stativorum

50 1684 332 1746 proximum
361 1693 575 1740 eampum
601 1677 860 1733 alacritate,
883 1677 1088 1724 discursu
1104 1712 1117 1734 ,
1148 1675 1336 1739 pulvere

50 1761 316 1811 attolleres.
333 1759 521 1804 Initium
533 1756 702 1802 laboris
716 1759 872 1811 mirer,
888 1771 945 1802 an
959 1757 1097 1801 finem
1107 1757 1129 1800 ἰ’
1142 1753 1339 1799 multum

50 1855 121 1890 est
134 1838 276 1903 quod
290 1840 604 1898 perseverasti,
617 1836 719 1897 plus
730 1848 882 1882 tamen
893 1835 1018 1899 quod
1029 1850 1119 1879 non
1128 1834 1336 1888 timuisti,

50 1937 109 1967 ne
133 1931 441 1982 per-severare
472 1931 565 1960 nou
589 1930 760 1976 posses.
780 1918 875 1960 Nec
906 1913 1068 1960 dubito
1095 1912 1207 1973 quin
1234 1909 1336 1966 ille,

53 2004 139 2065 qui
160 2012 214 2047 te
227 2032 240 2053 ,
272 2000 396 2043 inter
417 1994 495 2040 illa
523 1996 778 2041 Germaniae
801 1993 921 2040 bella
946 1992 1006 2038 ab
1022 1992 1239 2051 Hispania
1257 2005 1339 2035 us-

51 2095 146 2143 que
163 2112 179 2133 ,
206 2087 262 2122 ut
290 2072 625 2119 validissimum
646 2072 912 2133 praesidium
942 2071 1187 2125 exciverat,
1220 2071 1340 2114 iners

53 2159 161 2219 ipse
175 2189 190 2212 ,
213 2154 471 2214 alienisque
489 2150 732 2199 virtutibus
747 2163 855 2197 tunc
869 2163 1052 2213 quoque
1065 2146 1245 2194 invidus
1261 2147 1342 2192 im·
