1650 2550
542 190 766 235 LIBER
799 193 857 236 X.
1247 202 1332 249 179

88 287 161 319 tec
178 277 455 336 periclitetur
476 280 727 337 exhauriri,
753 294 797 328 et
829 284 970 343 magis
999 284 1046 326 in
1073 297 1181 327 usus
1202 281 1332 327 nohis

91 348 251 399 futurus
272 358 344 401 sit.
371 357 497 418 Elige
522 361 656 418 igitur
676 360 724 404 id
747 360 873 421 quod
898 361 1120 421 praecipue
1144 375 1212 403 res
1234 361 1334 419 ipsa

93 434 274 477 suaserit.
299 432 601 495 Calpurnium
619 439 825 482 Macrum
849 437 984 482 credo
1004 436 1256 490 facturum,
1279 448 1331 480 ut

94 516 129 548 te
157 506 363 556 libratore
396 513 615 558 instruat:
641 531 787 578 neque
819 516 942 561 enim
967 516 1210 577 provinciae
1238 516 1333 560 istae

96 579 155 628 his
169 588 411 635 artificibus
433 603 604 636 carent.

96 733 643 764 mmmm

1028 745 1313 766 mmm

589 860 810 909 LXXI.

336 995 647 1042 PLINIUS
683 999 1047 1044 TRAJANO.

90 1129 149 1173 De
164 1136 396 1180 assertione
427 1138 743 1198 inqenuomm,
776 1139 859 1199 qui
877 1152 961 1200 pro
981 1142 1118 1183 servis
1139 1141 1326 1188 educati.

139 1270 324 1329 ΜΑοΝΛ,
349 1277 545 1320 Domine
558 1310 571 1330 ,
595 1288 642 1321 et
659 1277 718 1322 ad
737 1288 879 1322 totam
895 1280 1175 1338 provinciam
1193 1285 1330 1343 perti-

91 1360 187 1391 nens
198 1353 378 1410 quaestio
399 1363 466 1397 est
487 1351 545 1397 de
564 1353 820 1399 conditione
844 1366 888 1399 et
906 1354 1127 1402 alimentis
1142 1375 1299 1405 eorum
1312 1394 1325 1415 ,

90 1435 187 1481 quos
199 1442 354 1475 vocant
371 1423 613 1491 θρσστοῦς
639 1433 719 1489 (ι).
740 1434 794 1476 In
809 1448 900 1493 qua
915 1449 996 1494 ego
1010 1468 1022 1489 ,
1044 1436 1208 1482 auditis
1226 1454 1328 1484 con-

89 1503 375 1553 stitutionihus
389 1510 648 1570 principum
659 1545 673 1565 ,
696 1512 802 1571 quia
817 1510 930 1556 nihil
947 1513 1232 1561 inveniebam
1250 1529 1329 1563 aut

93 1587 332 1644 proprium,
358 1599 439 1631 aut
465 1588 743 1643 universale,
768 1585 893 1651 ijuod
914 1591 974 1640 ad
994 1593 1208 1656 Bithynos
1231 1595 1327 1641 fer-

92 1671 216 1717 retur,
243 1664 571 1720 consulendum
592 1678 636 1711 te
660 1669 933 1724 existimavi,
960 1671 1072 1731 quid
1093 1672 1325 1719 observari

91 1736 223 1787 velles.
246 1745 405 1804 Neque
425 1745 548 1788 enim
570 1747 750 1804 putavi,
774 1761 906 1807 posse
934 1763 1006 1793 me
1024 1750 1072 1793 in
1090 1764 1170 1803 eo,
1195 1750 1322 1809 quod

92 1820 382 1865 auctoritatem
402 1832 527 1866 tuam
547 1835 771 1882 posceret,
796 1825 1010 1886 exemplis
1031 1841 1125 1870 esse
1147 1831 1328 1872 conten·

93 1900 189 1937 tum.
215 1895 502 1942 Recitabatur
527 1909 680 1942 autem
703 1899 827 1959 apud
854 1916 925 1944 me
955 1900 1176 1955 edictum,
1202 1902 1326 1962 quod

94 1965 306 2019 dicebatur
318 1976 425 2020 Divi
444 1978 655 2035 Augusti,
675 1977 733 2021 ad
755 1980 949 2023 Anniam
972 1981 1199 2039 pertinens
1218 1996 1229 2025 :
1253 1996 1327 2025 re·-

141 2129 196 2186 (ι)
214 2133 405 2178 Nutritos.
426 2134 524 2186 Alii,
546 2129 756 2183 ἑκθετοὺς
772 2166 787 2188 ,
812 2140 1021 2196 expositos.
