1650 2550
406 157 753 216 TRAJ'ANO
789 171 1090 217 nic'rUS.
1293 170 1381 233 337

81 274 319 311 vestrum
340 261 423 307 filii
444 265 586 309 virtus
608 263 902 324 triumphalia
919 298 933 318 ,
956 264 1121 310 coelum
1143 263 1272 310 alteri
1293 263 1381 311 de·-

84 343 255 398 derh,
277 357 372 387 non
391 345 542 388 minor
559 355 710 389 tamen
729 354 878 389 vestra
901 342 1000 389 laus
1013 377 1026 399 ,
1049 343 1175 405 quod
1196 345 1280 389 ista
1297 360 1382 406 per

85 421 287 477 filium,
313 434 452 482 quam
474 423 511 466 si
533 423 620 483 ipsi
643 424 931 468 meruissetis.

166 503 269 546 xC.
286 503 395 545 Scio
407 533 421 554 ‚
437 496 590 546 Patres
603 501 848 562 conscripti
861 536 874 555 ‚
884 517 1030 563 quum
1043 511 1228 547 caeteros
1236 502 1353 546 cives
1364 536 1378 557 ‚

85 591 209 625 tum
224 581 457 641 praecipue
470 579 675 625 consules
688 592 900 640 oportere
916 581 978 625 sic
997 579 1116 625 affici
1130 613 1142 633 ,
1163 590 1214 623 ut
1233 594 1278 624 se
1297 594 1378 640 pu-

83 655 230 702 blice
238 657 385 715 magis
395 670 535 717 quam
544 658 614 717 pri
619 658 758 701 vatim
768 655 988 718 obligatos
997 667 1172 719 putent.
1184 656 1249 700 Ut
1258 656 1381 700 enim

89 731 259 778 malos
277 734 508 794 principes
517 736 680 779 rectius
689 732 1014 796 pulchriusque
1033 744 1100 778 est
1113 748 1165 777 ex
1174 747 1379 777 commu-

85 811 248 856 nibus
256 811 439 872 injuriis
450 811 595 857 odisse
608 845 621 867 ,
632 826 771 873 quam
783 813 981 872 propriis
996 845 1009 866 ‚
1023 813 1085 856 ita
1096 808 1207 854 boni
1216 812 1385 870 specio-

89 890 203 934 sius
222 886 441 932 amau'tur
457 887 518 933 ob
531 904 584 934 ea
597 905 701 950 quae
713 891 867 948 generi
881 888 1082 933 humano
1095 921 1107 942 ‚
1127 902 1266 949 quam
1280 902 1384 949 quae

88 965 378 1011 hominibus
393 977 621 1026 praestant.
637 967 756 1026 Quia
771 977 925 1011 tamen
942 967 991 1011 in
1006 964 1381 1011 consuetudinem

89 1045 249 1088 vertit
260 1077 274 1098 ,
290 1053 344 1087 ut
357 1040 562 1088 consules
572 1077 584 1098 ,
595 1041 779 1104 publica
789 1044 1038 1102 gratiarum
1054 1042 1227 1087 actione
1236 1040 1383 1104 perla-

92 1134 148 1167 ta
163 1157 178 1177 ,
199 1136 288 1165 suo
305 1135 493 1183 quoque
512 1123 696 1167 nomine
710 1132 932 1183 quantum
946 1118 1140 1165 debeant
1152 1120 1375 1181 principi,

18 1258 24 1262 Ι
94 1199 434 1263 profiteantur,
451 1198 683 1244 concedite
703 1214 775 1243 me
787 1233 799 1253 ,
827 1213 919 1243 non
934 1212 1020 1258 pro
1034 1214 1107 1243 me
1122 1200 1264 1259 magis
1283 1213 1384 1243 mu-

97 1293 228 1324 nere
242 1279 331 1322 isto
344 1310 357 1332 ,
372 1291 511 1337 quam
530 1290 616 1336 pro
629 1275 797 1336 collega
820 1291 922 1321 meo
935 1277 1138 1321 Cornuto
1151 1275 1354 1321 Tertullo
1365 1310 1380 1332 ‚

96 1355 473 1402 clarissimoviro
487 1388 499 1408 ,
510 1353 655 1414 fungi.
667 1355 762 1399 Cur
776 1355 898 1399 enim
909 1369 1004 1399 non
1017 1368 1102 1414 pro
1110 1352 1188 1398 illo
1198 1369 1383 1416 quoque

103 1432 289 1491 gratias
304 1444 436 1489 agam
449 1463 462 1483 ‚
473 1444 559 1490 pro
573 1445 664 1491 quo
683 1445 775 1475 non
787 1431 938 1475 minus
948 1429 1121 1475 debeo?
1134 1432 1382 1491 presertim

100 1523 262 1570 quum
277 1506 692 1568 indulgentissimus
702 1508 949 1568 imperator
959 1508 1007 1551 in
1021 1507 1260 1552 concordia
1280 1523 1382 1552 nos·

105 1597 185 1631 tra
202 1599 257 1630 ea
276 1585 536 1644 praestiterit
554 1583 776 1629 ambobus
789 1618 801 1638 ,
826 1600 928 1647 quae
947 1587 983 1631 si
1003 1595 1181 1629 tantum
1209 1587 1259 1629 in
1276 1583 1384 1630 alte-

103 1677 222 1708 rum
232 1659 497 1706 contulisset
509 1695 523 1715 ,
538 1660 697 1706 ambos
709 1673 862 1708 tamen
877 1653 1109 1723 aetjualiter
1121 1660 1379 1721 obligasset.

111 1742 389 1798 Utrumque
400 1749 602 1783 nostrum
612 1736 689 1783 ille
706 1741 865 1799 optimi
874 1738 1094 1800 cujusque
1113 1736 1328 1799 spoliator
1335 1751 1381 1786 et
1400 1760 1405 1767 ·

111 1811 324 1859 carnifex
341 1811 564 1874 stragibus
575 1816 825 1860 amicorum
840 1849 852 1870 ,
863 1826 909 1860 et
924 1816 972 1859 in
988 1815 1245 1874 proximum
1256 1815 1380 1874 ,iacto

109 1888 316 1935 fulmine
350 1887 601 1936 afflaverat.
627 1890 795 1937 lisdem
818 1894 943 1937 enim
969 1891 1126 1936 amicis
1147 1889 1380 1950 gloriaba-

111 1980 229 2011 mur
238 1981 252 2019 ;
264 1964 448 2010 eosdem
458 1966 644 2011 amissos
653 1965 918 2028 lugebamus
931 1984 942 2013 τ
959 1983 1010 2013 ac
1022 1969 1138 2014 sicut
1147 1983 1268 2013 nunc
1278 1979 1379 2029 spes

117 2042 437 2105 gaudiumque
449 2078 463 2101 ‚
473 2046 537 2090 ita
549 2057 657 2091 tunc
674 2049 926 2093 communis
940 2045 1071 2092 nobis
1080 2045 1212 2091 dolor
1223 2058 1268 2092 et
1281 2061 1379 2091 meo

118 2135 197 2169 tus
217 2132 329 2169 erat.
350 2121 584 2173 Habuerat
602 2121 722 2170 bunc
742 2125 963 2173 bonorem
980 2124 1191 2188 periculis
1212 2125 1379 2172 nostris
