1650 2550
273 191 336 249 44
603 190 656 234 c.
695 180 940 231 PLINII
977 179 1207 226 Ems‘r.

276 338 1577 374 mmmmm

818 469 988 518 XXI.

608 618 951 669 ARRJANO
987 615 1128 662 sno
1161 615 1208 658 s,

397 765 734 829 Epiqfflmmata
750 764 960 810 excusat,
986 768 1090 819 quoe
1110 765 1256 815 nuper
1274 751 1437 795 amicale

772 836 1049 881 recitaverat.

347 989 423 1033 Ur
435 985 484 1029 in
495 984 589 1030 vita
599 1014 613 1037 ‚
629 981 693 1025 sic
705 978 755 1023 in
765 974 926 1022 studiis
944 970 1308 1035 pulcherrimum
1319 979 1366 1014 et
1379 967 1569 1017 hnma-

285 1066 523 1113 nissimum
543 1059 714 1111 aestimo
726 1089 739 1110 ‚
762 1054 1044 1100 severitatem
1065 1050 1419 1108 comitatemque
1437 1049 1569 1093 mis-

285 1156 484 1197 cere,ne
503 1136 583 1185 illa
603 1132 890 1181 intristitiam
907 1123 1403 1188 ‚haecinpemlantinm
1421 1140 1570 1171 exce·-

287 1224 383 1269 dat.
415 1222 518 1281 Qua
547 1217 720 1262 ratione
745 1212 909 1257 ductus
920 1242 935 1264 ,
966 1208 1174 1268 μανίαι-ει
1203 1219 1344 1266 opera
1368 1201 1565 1251 lusibus

282 1303 489 1364 jocisque
514 1295 758 1354 distinguo.
781 1289 856 1335 Ad
880 1288 964 1333 hos
986 1284 1282 1349 proferendos
1304 1294 1350 1329 et
1368 1295 1567 1343 tempus

288 1393 337 1427 et
356 1378 509 1423 locum
528 1370 963 1435 opportunissimum
982 1364 1122 1427 elegi,
1145 1375 1287 1425 utque
1305 1361 1406 1422 jam
1428 1376 1566 1407 nunc

289 1462 594 1504 assuescerent
624 1460 669 1495 et
698 1447 758 1493 ab
788 1447 941 1493 otiosis
958 1480 972 1502 ,
1001 1454 1048 1490 et
1073 1445 1122 1490 in
1147 1439 1344 1488 triclinio
1370 1438 1561 1494 audiri,

289 1536 415 1584 sulio
431 1547 585 1580 mense
601 1564 616 1586 ,
635 1543 727 1590 quo
740 1528 934 1573 maxime
946 1524 1046 1570 lites
1064 1522 1425 1584 intes-quiescunt
1440 1552 1455 1574 ,
1473 1534 1564 1580 po-

297 1616 395 1663 sitis
415 1622 519 1658 ante
536 1608 675 1655 lectos
692 1603 919 1652 cathedris
932 1636 946 1659 ‚
969 1603 1136 1647 amicos
1157 1597 1390 1645 collocavi.
1416 1598 1564 1642 Forte

284 1681 477 1748 'accidia
491 1700 544 1736 nt
556 1703 610 1735 eo
623 1686 697 1732 die
710 1699 843 1730 mane
853 1685 900 1727 in
914 1680 1255 1727 advocationem
1268 1675 1472 1722 subitam
1484 1690 1563 1721 ro-

299 1787 457 1837 garer:
482 1766 608 1831 quod
619 1763 733 1810 mibi
754 1776 938 1809 cansam
950 1754 1261 1821 praeloquendi
1281 1752 1427 1800 dedit.
1443 1755 1562 1800 Sum

296 1855 420 1902 enim
433 1848 699 1909 deprecatus
710 1877 724 1899 ,
738 1858 796 1888 ne
810 1841 912 1903 quis
926 1849 979 1885 ut
991 1838 1308 1883 irreverentem
1321 1835 1476 1894 operis
1488 1847 1563 1877 ar-

301 1939 483 1996 gueret,
504 1923 631 1988 quod
652 1923 920 1968 recitaturus
947 1927 1226 1978 quamquam
1252 1922 1298 1956 et
1323 1912 1484 1956 amicis
1511 1921 1560 1955 et

299 2010 456 2075 paucis
469 2039 483 2059 ‚
492 2004 615 2049 idem
623 2002 787 2046 iterum
801 1997 955 2042 amicis
966 2030 980 2051 ‚
991 1993 1092 2039 foro
1100 2003 1146 2036 et
1153 1989 1341 2050 negotiis
1350 2002 1445 2033 non
1456 1987 1562 2032 abs-

299 2086 552 2136 tinuissem.
567 2074 736 2123 Addidi
748 2074 871 2118 hunc
884 2070 1091 2116 ordinem
1101 2082 1177 2112 me
1190 2067 1294 2111 etin
1309 2063 1555 2110 scribendo

300 2162 452 2225 sequi,
480 2168 534 2202 ut
548 2154 832 2200 necessitates
847 2145 1156 2208 voluptatibus
1168 2179 1181 2200 ‚
1201 2144 1317 2191 seria
1337 2142 1557 2204 jucundis
