<?xml version="1.0" encoding="UTF-8"?>
<!DOCTYPE html PUBLIC "-//W3C//DTD XHTML 1.0 Transitional//EN"
    "http://www.w3.org/TR/xhtml1/DTD/xhtml1-transitional.dtd">
<html xmlns="http://www.w3.org/1999/xhtml" xml:lang="en" lang="en">
 <head>
  <title>
</title>
<meta http-equiv="Content-Type" content="text/html;charset=utf-8" />
  <meta name='ocr-system' content='tesseract 3.04.00' />
  <meta name='ocr-capabilities' content='ocr_page ocr_carea ocr_par ocr_line ocrx_word'/>
</head>
<body>
  <div class='ocr_page' id='page_1' title='image "./cpliniicaeclili00rivigoog_0058.png"; bbox 0 0 1650 2550; ppageno 0'>
   <div class='ocr_carea' id='block_1_1' title="bbox 294 175 1224 223">
    <p class='ocr_par' dir='ltr' id='par_1_1' title="bbox 294 175 1224 223">
     <span class='ocr_line' id='line_1_1' title="bbox 294 175 1224 223; baseline 0.002 -4"><span class='ocrx_word' id='word_1_1' title='bbox 294 175 352 219; x_wconf 80' lang='lat'>50</span> <span class='ocrx_word' id='word_1_2' title='bbox 464 202 475 210; x_wconf 82' lang='lat'>‚</span> <span class='ocrx_word' id='word_1_3' title='bbox 620 177 672 220; x_wconf 89' lang='lat' dir='ltr'>C.</span> <span class='ocrx_word' id='word_1_4' title='bbox 712 178 957 223; x_wconf 81' lang='lat' dir='ltr'>PLINII</span> <span class='ocrx_word' id='word_1_5' title='bbox 994 177 1224 222; x_wconf 84' lang='lat' dir='ltr'><strong>EPIST.</strong></span> 
     </span>
    </p>
   </div>
   <div class='ocr_carea' id='block_1_2' title="bbox 290 267 1609 2194">
    <p class='ocr_par' dir='ltr' id='par_1_2' title="bbox 290 267 1609 2194">
     <span class='ocr_line' id='line_1_2' title="bbox 290 267 1605 331; baseline -0.002 -18"><span class='ocrx_word' id='word_1_6' title='bbox 290 284 366 313; x_wconf 76' lang='lat' dir='ltr'>ros</span> <span class='ocrx_word' id='word_1_7' title='bbox 385 270 576 316; x_wconf 77' lang='lat' dir='ltr'>maxime</span> <span class='ocrx_word' id='word_1_8' title='bbox 597 267 765 316; x_wconf 80' lang='lat' dir='ltr'>liberos</span> <span class='ocrx_word' id='word_1_9' title='bbox 779 304 791 323; x_wconf 90' lang='lat'><strong>,</strong></span> <span class='ocrx_word' id='word_1_10' title='bbox 816 270 898 331; x_wconf 84' lang='lat' dir='ltr'>qni</span> <span class='ocrx_word' id='word_1_11' title='bbox 916 269 991 329; x_wconf 75' lang='lat' dir='ltr'>jus</span> <span class='ocrx_word' id='word_1_12' title='bbox 1018 285 1046 314; x_wconf 79' lang='lat' dir='ltr'><strong>a</strong></span> <span class='ocrx_word' id='word_1_13' title='bbox 1071 281 1239 314; x_wconf 77' lang='lat' dir='ltr'>natura</span> <span class='ocrx_word' id='word_1_14' title='bbox 1258 267 1443 316; x_wconf 77' lang='lat' dir='ltr'>datum</span> <span class='ocrx_word' id='word_1_15' title='bbox 1459 306 1477 327; x_wconf 89' lang='lat'>,</span> <span class='ocrx_word' id='word_1_16' title='bbox 1508 278 1605 322; x_wconf 70' lang='lat' dir='ltr'>vir.</span> 
     </span>
     <span class='ocr_line' id='line_1_3' title="bbox 291 340 1605 410; baseline 0.002 -20"><span class='ocrx_word' id='word_1_17' title='bbox 291 357 387 391; x_wconf 84' lang='lat' dir='ltr'>tute</span> <span class='ocrx_word' id='word_1_18' title='bbox 400 380 415 400; x_wconf 85' lang='lat'>,</span> <span class='ocrx_word' id='word_1_19' title='bbox 438 348 607 392; x_wconf 73' lang='lat' dir='ltr'>meritis</span> <span class='ocrx_word' id='word_1_20' title='bbox 621 381 633 401; x_wconf 89' lang='lat'>,</span> <span class='ocrx_word' id='word_1_21' title='bbox 649 346 846 394; x_wconf 80' lang='lat' dir='ltr'>amicitia</span> <span class='ocrx_word' id='word_1_22' title='bbox 859 380 873 402; x_wconf 93' lang='lat'><strong><em>‚</em></strong></span> <span class='ocrx_word' id='word_1_23' title='bbox 885 340 1060 393; x_wconf 75' lang='lat' dir='ltr'>foedete</span> <span class='ocrx_word' id='word_1_24' title='bbox 1072 345 1273 406; x_wconf 86' lang='lat' dir='ltr'>denique</span> <span class='ocrx_word' id='word_1_25' title='bbox 1287 358 1338 391; x_wconf 84' lang='lat' dir='ltr'>et</span> <span class='ocrx_word' id='word_1_26' title='bbox 1357 347 1605 410; x_wconf 70' lang='lat' dir='ltr'>religione</span> 
     </span>
     <span class='ocr_line' id='line_1_4' title="bbox 293 420 1605 476; baseline 0.002 -9"><span class='ocrx_word' id='word_1_27' title='bbox 293 434 553 470; x_wconf 81' lang='lat' dir='ltr'>tenuerunt.</span> <span class='ocrx_word' id='word_1_28' title='bbox 586 427 805 470; x_wconf 82' lang='lat' dir='ltr'>Reverere</span> <span class='ocrx_word' id='word_1_29' title='bbox 844 423 1099 469; x_wconf 71' lang='lat' dir='ltr'>conditores</span> <span class='ocrx_word' id='word_1_30' title='bbox 1131 420 1240 467; x_wconf 77' lang='lat' dir='ltr'>deos</span> <span class='ocrx_word' id='word_1_31' title='bbox 1253 456 1266 476; x_wconf 91' lang='lat'><strong>‚</strong></span> <span class='ocrx_word' id='word_1_32' title='bbox 1302 435 1355 468; x_wconf 87' lang='lat' dir='ltr'>et</span> <span class='ocrx_word' id='word_1_33' title='bbox 1389 431 1605 475; x_wconf 76' lang='lat' dir='ltr'>nomina</span> 
     </span>
     <span class='ocr_line' id='line_1_5' title="bbox 295 498 1606 564; baseline 0.002 -20"><span class='ocrx_word' id='word_1_34' title='bbox 295 498 503 545; x_wconf 71' lang='lat' dir='ltr'>deoru&#39;m.</span> <span class='ocrx_word' id='word_1_35' title='bbox 527 503 745 547; x_wconf 80' lang='lat' dir='ltr'>Reverere</span> <span class='ocrx_word' id='word_1_36' title='bbox 764 501 957 563; x_wconf 73' lang='lat' dir='ltr'>gloriam</span> <span class='ocrx_word' id='word_1_37' title='bbox 973 512 1175 546; x_wconf 80' lang='lat' dir='ltr'>veterem</span> <span class='ocrx_word' id='word_1_38' title='bbox 1188 533 1202 554; x_wconf 95' lang='lat'>,</span> <span class='ocrx_word' id='word_1_39' title='bbox 1219 511 1265 545; x_wconf 89' lang='lat' dir='ltr'>et</span> <span class='ocrx_word' id='word_1_40' title='bbox 1282 499 1414 547; x_wconf 80' lang='lat' dir='ltr'>hanc</span> <span class='ocrx_word' id='word_1_41' title='bbox 1435 505 1606 564; x_wconf 68' lang='lat' dir='ltr'>ipsam</span> 
     </span>
     <span class='ocr_line' id='line_1_6' title="bbox 296 574 1605 638; baseline 0.003 -17"><span class='ocrx_word' id='word_1_42' title='bbox 296 589 568 623; x_wconf 71' lang='lat' dir='ltr'>senectutem</span> <span class='ocrx_word' id='word_1_43' title='bbox 582 612 594 631; x_wconf 95' lang='lat'><strong>‚</strong></span> <span class='ocrx_word' id='word_1_44' title='bbox 617 592 719 638; x_wconf 85' lang='lat' dir='ltr'>quae</span> <span class='ocrx_word' id='word_1_45' title='bbox 732 580 780 622; x_wconf 87' lang='lat' dir='ltr'>in</span> <span class='ocrx_word' id='word_1_46' title='bbox 798 577 984 622; x_wconf 87' lang='lat' dir='ltr'>homine</span> <span class='ocrx_word' id='word_1_47' title='bbox 998 574 1270 622; x_wconf 77' lang='lat' dir='ltr'>venerabilis</span> <span class='ocrx_word' id='word_1_48' title='bbox 1283 610 1296 631; x_wconf 88' lang='lat'>,</span> <span class='ocrx_word' id='word_1_49' title='bbox 1314 577 1366 621; x_wconf 86' lang='lat' dir='ltr'>in</span> <span class='ocrx_word' id='word_1_50' title='bbox 1383 579 1605 628; x_wconf 77' lang='lat' dir='ltr'>urbibus</span> 
     </span>
     <span class='ocr_line' id='line_1_7' title="bbox 298 655 1605 717; baseline 0.005 -17"><span class='ocrx_word' id='word_1_51' title='bbox 298 670 437 700; x_wconf 71' lang='lat' dir='ltr'>sacra.</span> <span class='ocrx_word' id='word_1_52' title='bbox 459 657 524 701; x_wconf 87' lang='lat' dir='ltr'>Sit</span> <span class='ocrx_word' id='word_1_53' title='bbox 545 656 668 717; x_wconf 79' lang='lat' dir='ltr'>apud</span> <span class='ocrx_word' id='word_1_54' title='bbox 692 669 733 703; x_wconf 86' lang='lat' dir='ltr'>te</span> <span class='ocrx_word' id='word_1_55' title='bbox 755 655 903 701; x_wconf 85' lang='lat' dir='ltr'>honor</span> <span class='ocrx_word' id='word_1_56' title='bbox 916 655 1201 715; x_wconf 80' lang='lat' dir='ltr'>antiquitati,</span> <span class='ocrx_word' id='word_1_57' title='bbox 1229 656 1286 700; x_wconf 74' lang='lat' dir='ltr'>sit</span> <span class='ocrx_word' id='word_1_58' title='bbox 1308 656 1605 716; x_wconf 70' lang='lat' dir='ltr'><strong>ingentibus</strong></span> 
     </span>
     <span class='ocr_line' id='line_1_8' title="bbox 299 732 1607 800; baseline -0.003 -22"><span class='ocrx_word' id='word_1_59' title='bbox 299 732 427 779; x_wconf 77' lang='lat' dir='ltr'>factis</span> <span class='ocrx_word' id='word_1_60' title='bbox 441 766 454 788; x_wconf 88' lang='lat'><strong>,</strong></span> <span class='ocrx_word' id='word_1_61' title='bbox 479 736 535 780; x_wconf 79' lang='lat' dir='ltr'>sit</span> <span class='ocrx_word' id='word_1_62' title='bbox 556 734 725 781; x_wconf 79' lang='lat' dir='ltr'>fabulis</span> <span class='ocrx_word' id='word_1_63' title='bbox 749 750 949 797; x_wconf 88' lang='lat' dir='ltr'>quoque.</span> <span class='ocrx_word' id='word_1_64' title='bbox 968 732 1092 779; x_wconf 85' lang='lat' dir='ltr'>Nihil</span> <span class='ocrx_word' id='word_1_65' title='bbox 1107 750 1162 778; x_wconf 82' lang='lat' dir='ltr'>ex</span> <span class='ocrx_word' id='word_1_66' title='bbox 1183 732 1473 794; x_wconf 80' lang='lat' dir='ltr'>cujusquam</span> <span class='ocrx_word' id='word_1_67' title='bbox 1500 738 1607 800; x_wconf 75' lang='lat' dir='ltr'>dig.</span> 
     </span>
     <span class='ocr_line' id='line_1_9' title="bbox 300 809 1608 880; baseline 0.003 -23"><span class='ocrx_word' id='word_1_68' title='bbox 300 815 441 858; x_wconf 80' lang='lat' dir='ltr'>nitate</span> <span class='ocrx_word' id='word_1_69' title='bbox 453 846 466 868; x_wconf 90' lang='lat'><strong>,</strong></span> <span class='ocrx_word' id='word_1_70' title='bbox 486 811 600 858; x_wconf 87' lang='lat' dir='ltr'>nibil</span> <span class='ocrx_word' id='word_1_71' title='bbox 618 829 669 858; x_wconf 81' lang='lat' dir='ltr'>ex</span> <span class='ocrx_word' id='word_1_72' title='bbox 685 812 893 858; x_wconf 82' lang='lat' dir='ltr'>libertate</span> <span class='ocrx_word' id='word_1_73' title='bbox 906 846 920 866; x_wconf 90' lang='lat'>,</span> <span class='ocrx_word' id='word_1_74' title='bbox 935 809 1048 856; x_wconf 85' lang='lat' dir='ltr'>nihil</span> <span class='ocrx_word' id='word_1_75' title='bbox 1062 828 1114 857; x_wconf 83' lang='lat' dir='ltr'>ex</span> <span class='ocrx_word' id='word_1_76' title='bbox 1125 812 1374 871; x_wconf 72' lang='lat' dir='ltr'>jactatione</span> <span class='ocrx_word' id='word_1_77' title='bbox 1389 813 1608 880; x_wconf 78' lang='lat' dir='ltr'>decerp-</span> 
     </span>
     <span class='ocr_line' id='line_1_10' title="bbox 302 887 1606 948; baseline 0.005 -15"><span class='ocrx_word' id='word_1_78' title='bbox 302 890 427 934; x_wconf 74' lang='lat' dir='ltr'>seris.</span> <span class='ocrx_word' id='word_1_79' title='bbox 446 887 571 934; x_wconf 83' lang='lat' dir='ltr'>Habe</span> <span class='ocrx_word' id='word_1_80' title='bbox 585 902 689 935; x_wconf 79' lang='lat' dir='ltr'>ante</span> <span class='ocrx_word' id='word_1_81' title='bbox 705 887 861 934; x_wconf 81' lang='lat' dir='ltr'>oculos</span> <span class='ocrx_word' id='word_1_82' title='bbox 876 888 993 934; x_wconf 77' lang='lat' dir='ltr'>hanc</span> <span class='ocrx_word' id='word_1_83' title='bbox 1008 903 1102 933; x_wconf 76' lang='lat' dir='ltr'>esse</span> <span class='ocrx_word' id='word_1_84' title='bbox 1117 900 1303 943; x_wconf 80' lang='lat' dir='ltr'>terram,</span> <span class='ocrx_word' id='word_1_85' title='bbox 1320 903 1432 948; x_wconf 84' lang='lat' dir='ltr'>quae</span> <span class='ocrx_word' id='word_1_86' title='bbox 1444 893 1606 940; x_wconf 76' lang='lat' dir='ltr'>nobis</span> 
     </span>
     <span class='ocr_line' id='line_1_11' title="bbox 301 964 1609 1028; baseline -0.002 -16"><span class='ocrx_word' id='word_1_87' title='bbox 301 969 474 1012; x_wconf 71' lang='lat' dir='ltr'>miserit</span> <span class='ocrx_word' id='word_1_88' title='bbox 490 967 591 1026; x_wconf 82' lang='lat' dir='ltr'>jura</span> <span class='ocrx_word' id='word_1_89' title='bbox 606 1001 619 1021; x_wconf 93' lang='lat'><strong>,</strong></span> <span class='ocrx_word' id='word_1_90' title='bbox 634 981 749 1027; x_wconf 81' lang='lat' dir='ltr'>‚quae</span> <span class='ocrx_word' id='word_1_91' title='bbox 781 965 901 1027; x_wconf 75' lang='lat' dir='ltr'>leges</span> <span class='ocrx_word' id='word_1_92' title='bbox 914 1001 926 1021; x_wconf 89' lang='lat'>‚</span> <span class='ocrx_word' id='word_1_93' title='bbox 961 981 1052 1011; x_wconf 87' lang='lat' dir='ltr'>non</span> <span class='ocrx_word' id='word_1_94' title='bbox 1089 968 1241 1020; x_wconf 76' lang='lat' dir='ltr'>victis,</span> <span class='ocrx_word' id='word_1_95' title='bbox 1280 964 1361 1011; x_wconf 77' lang='lat' dir='ltr'>sed</span> <span class='ocrx_word' id='word_1_96' title='bbox 1387 974 1609 1028; x_wconf 69' lang='lat' dir='ltr'>petenti-</span> 
     </span>
     <span class='ocr_line' id='line_1_12' title="bbox 302 1044 1607 1106; baseline -0.001 -15"><span class='ocrx_word' id='word_1_97' title='bbox 302 1044 390 1091; x_wconf 77' lang='lat' dir='ltr'>bus</span> <span class='ocrx_word' id='word_1_98' title='bbox 401 1081 413 1101; x_wconf 89' lang='lat'>‚</span> <span class='ocrx_word' id='word_1_99' title='bbox 434 1044 634 1102; x_wconf 78' lang='lat' dir='ltr'>dederit3</span> <span class='ocrx_word' id='word_1_100' title='bbox 656 1045 851 1092; x_wconf 75' lang='lat' dir='ltr'><strong>Athenas</strong></span> <span class='ocrx_word' id='word_1_101' title='bbox 867 1061 964 1091; x_wconf 73' lang='lat' dir='ltr'>esse</span> <span class='ocrx_word' id='word_1_102' title='bbox 976 1060 1090 1106; x_wconf 79' lang='lat' dir='ltr'>quas</span> <span class='ocrx_word' id='word_1_103' title='bbox 1105 1044 1240 1090; x_wconf 73' lang='lat' dir='ltr'>adeas</span> <span class='ocrx_word' id='word_1_104' title='bbox 1254 1078 1267 1099; x_wconf 91' lang='lat'>‚</span> <span class='ocrx_word' id='word_1_105' title='bbox 1285 1045 1607 1095; x_wconf 64' lang='lat' dir='ltr'>Lacedaemo-</span> 
     </span>
     <span class='ocr_line' id='line_1_13' title="bbox 303 1119 1601 1184; baseline 0 -15"><span class='ocrx_word' id='word_1_106' title='bbox 303 1139 410 1169; x_wconf 88' lang='lat' dir='ltr'>nem</span> <span class='ocrx_word' id='word_1_107' title='bbox 427 1138 521 1168; x_wconf 66' lang='lat' dir='ltr'>esse</span> <span class='ocrx_word' id='word_1_108' title='bbox 534 1157 548 1179; x_wconf 89' lang='lat'>,</span> <span class='ocrx_word' id='word_1_109' title='bbox 567 1137 705 1183; x_wconf 83' lang='lat' dir='ltr'><strong>quam</strong></span> <span class='ocrx_word' id='word_1_110' title='bbox 721 1138 848 1183; x_wconf 79' lang='lat' dir='ltr'>regas</span> <span class='ocrx_word' id='word_1_111' title='bbox 865 1139 876 1167; x_wconf 89' lang='lat'>:</span> <span class='ocrx_word' id='word_1_112' title='bbox 902 1121 1070 1184; x_wconf 78' lang='lat' dir='ltr'>quibus</span> <span class='ocrx_word' id='word_1_113' title='bbox 1086 1119 1308 1183; x_wconf 85' lang='lat' dir='ltr'>reliquam</span> <span class='ocrx_word' id='word_1_114' title='bbox 1327 1121 1572 1171; x_wconf 81' lang='lat' dir='ltr'>umbram</span> <span class='ocrx_word' id='word_1_115' title='bbox 1586 1162 1601 1181; x_wconf 94' lang='lat'>,</span> 
     </span>
     <span class='ocr_line' id='line_1_14' title="bbox 305 1197 1603 1261; baseline -0.006 -14"><span class='ocrx_word' id='word_1_116' title='bbox 305 1212 352 1247; x_wconf 89' lang='lat' dir='ltr'>et</span> <span class='ocrx_word' id='word_1_117' title='bbox 373 1201 606 1246; x_wconf 77' lang='lat' dir='ltr'>residuum</span> <span class='ocrx_word' id='word_1_118' title='bbox 625 1199 846 1246; x_wconf 75' lang='lat' dir='ltr'>libertatis</span> <span class='ocrx_word' id='word_1_119' title='bbox 869 1215 1032 1244; x_wconf 88' lang='lat' dir='ltr'>nomen</span> <span class='ocrx_word' id='word_1_120' title='bbox 1053 1201 1229 1261; x_wconf 83' lang='lat' dir='ltr'>eripere</span> <span class='ocrx_word' id='word_1_121' title='bbox 1242 1232 1255 1252; x_wconf 93' lang='lat'><strong>,</strong></span> <span class='ocrx_word' id='word_1_122' title='bbox 1276 1197 1453 1245; x_wconf 78' lang='lat' dir='ltr'>durum</span> <span class='ocrx_word' id='word_1_123' title='bbox 1469 1235 1487 1256; x_wconf 87' lang='lat'><strong><em>‚</em></strong></span> <span class='ocrx_word' id='word_1_124' title='bbox 1518 1203 1603 1249; x_wconf 65' lang='lat' dir='ltr'>fe..</span> 
     </span>
     <span class='ocr_line' id='line_1_15' title="bbox 306 1277 1603 1342; baseline -0.005 -15"><span class='ocrx_word' id='word_1_125' title='bbox 306 1296 412 1327; x_wconf 85' lang='lat' dir='ltr'>rum</span> <span class='ocrx_word' id='word_1_126' title='bbox 441 1279 781 1342; x_wconf 78' lang='lat' dir='ltr'>barbarumque</span> <span class='ocrx_word' id='word_1_127' title='bbox 815 1291 900 1325; x_wconf 82' lang='lat' dir='ltr'>est.</span> <span class='ocrx_word' id='word_1_128' title='bbox 929 1280 1067 1324; x_wconf 80' lang='lat' dir='ltr'>vides</span> <span class='ocrx_word' id='word_1_129' title='bbox 1103 1294 1131 1323; x_wconf 81' lang='lat' dir='ltr'><strong>a</strong></span> <span class='ocrx_word' id='word_1_130' title='bbox 1158 1277 1370 1333; x_wconf 76' lang='lat' dir='ltr'>medicis,</span> <span class='ocrx_word' id='word_1_131' title='bbox 1406 1294 1603 1341; x_wconf 71' lang='lat' dir='ltr'>quam-</span> 
     </span>
     <span class='ocr_line' id='line_1_16' title="bbox 308 1355 1600 1420; baseline -0.002 -16"><span class='ocrx_word' id='word_1_132' title='bbox 308 1374 448 1420; x_wconf 81' lang='lat' dir='ltr'><strong>quam</strong></span> <span class='ocrx_word' id='word_1_133' title='bbox 483 1361 529 1403; x_wconf 89' lang='lat' dir='ltr'>in</span> <span class='ocrx_word' id='word_1_134' title='bbox 555 1357 744 1403; x_wconf 73' lang='lat' dir='ltr'>adversa</span> <span class='ocrx_word' id='word_1_135' title='bbox 769 1356 1028 1403; x_wconf 82' lang='lat' dir='ltr'>valetudiue</span> <span class='ocrx_word' id='word_1_136' title='bbox 1063 1355 1179 1401; x_wconf 87' lang='lat' dir='ltr'>nihil</span> <span class='ocrx_word' id='word_1_137' title='bbox 1209 1358 1326 1402; x_wconf 73' lang='lat' dir='ltr'>servi</span> <span class='ocrx_word' id='word_1_138' title='bbox 1358 1372 1415 1402; x_wconf 83' lang='lat' dir='ltr'>ac</span> <span class='ocrx_word' id='word_1_139' title='bbox 1447 1356 1600 1406; x_wconf 80' lang='lat' dir='ltr'>liberi</span> 
     </span>
     <span class='ocr_line' id='line_1_17' title="bbox 309 1433 1602 1496; baseline 0.002 -15"><span class='ocrx_word' id='word_1_140' title='bbox 309 1436 538 1487; x_wconf 80' lang='lat' dir='ltr'>differant,</span> <span class='ocrx_word' id='word_1_141' title='bbox 555 1433 734 1479; x_wconf 79' lang='lat' dir='ltr'>mollius</span> <span class='ocrx_word' id='word_1_142' title='bbox 748 1448 899 1480; x_wconf 84' lang='lat' dir='ltr'>tamen</span> <span class='ocrx_word' id='word_1_143' title='bbox 916 1433 1081 1479; x_wconf 79' lang='lat' dir='ltr'>liberos</span> <span class='ocrx_word' id='word_1_144' title='bbox 1090 1434 1452 1496; x_wconf 79' lang='lat' dir='ltr'>clementiusque</span> <span class='ocrx_word' id='word_1_145' title='bbox 1468 1448 1602 1484; x_wconf 79' lang='lat' dir='ltr'>trac-</span> 
     </span>
     <span class='ocr_line' id='line_1_18' title="bbox 310 1509 1600 1573; baseline 0.001 -15"><span class='ocrx_word' id='word_1_146' title='bbox 310 1514 438 1560; x_wconf 80' lang='lat' dir='ltr'>tari?</span> <span class='ocrx_word' id='word_1_147' title='bbox 471 1510 722 1557; x_wconf 79' lang='lat' dir='ltr'>Recordare</span> <span class='ocrx_word' id='word_1_148' title='bbox 749 1510 862 1572; x_wconf 86' lang='lat' dir='ltr'>quid</span> <span class='ocrx_word' id='word_1_149' title='bbox 898 1526 1089 1573; x_wconf 82' lang='lat' dir='ltr'>quaeque</span> <span class='ocrx_word' id='word_1_150' title='bbox 1112 1512 1268 1556; x_wconf 71' lang='lat' dir='ltr'>civitas</span> <span class='ocrx_word' id='word_1_151' title='bbox 1295 1509 1463 1568; x_wconf 79' lang='lat' dir='ltr'>fuerit3</span> <span class='ocrx_word' id='word_1_152' title='bbox 1493 1530 1600 1560; x_wconf 85' lang='lat' dir='ltr'>non</span> 
     </span>
     <span class='ocr_line' id='line_1_19' title="bbox 310 1588 1594 1652; baseline 0 -14"><span class='ocrx_word' id='word_1_153' title='bbox 310 1604 364 1638; x_wconf 89' lang='lat' dir='ltr'>ut</span> <span class='ocrx_word' id='word_1_154' title='bbox 392 1591 638 1652; x_wconf 69' lang='lat' dir='ltr'>despicias,</span> <span class='ocrx_word' id='word_1_155' title='bbox 671 1589 796 1652; x_wconf 85' lang='lat' dir='ltr'><strong>quod</strong></span> <span class='ocrx_word' id='word_1_156' title='bbox 825 1605 920 1634; x_wconf 74' lang='lat' dir='ltr'>esse</span> <span class='ocrx_word' id='word_1_157' title='bbox 948 1588 1146 1634; x_wconf 79' lang='lat' dir='ltr'>desierit.</span> <span class='ocrx_word' id='word_1_158' title='bbox 1169 1588 1299 1635; x_wconf 79' lang='lat' dir='ltr'>Absit</span> <span class='ocrx_word' id='word_1_159' title='bbox 1331 1591 1594 1651; x_wconf 77' lang='lat' dir='ltr'>superbia,</span> 
     </span>
     <span class='ocr_line' id='line_1_20' title="bbox 312 1669 1598 1732; baseline 0 -15"><span class='ocrx_word' id='word_1_160' title='bbox 312 1671 553 1732; x_wconf 50' lang='grc' dir='ltr'>κρεώδη</span> <span class='ocrx_word' id='word_1_161' title='bbox 571 1685 654 1715; x_wconf 87' lang='lat' dir='ltr'>nec</span> <span class='ocrx_word' id='word_1_162' title='bbox 672 1669 877 1715; x_wconf 81' lang='lat' dir='ltr'>timueris</span> <span class='ocrx_word' id='word_1_163' title='bbox 898 1679 1224 1730; x_wconf 86' lang='lat' dir='ltr'>contemptum.</span> <span class='ocrx_word' id='word_1_164' title='bbox 1245 1669 1315 1712; x_wconf 83' lang='lat' dir='ltr'>An</span> <span class='ocrx_word' id='word_1_165' title='bbox 1329 1674 1598 1717; x_wconf 84' lang='lat' dir='ltr'>contemui-</span> 
     </span>
     <span class='ocr_line' id='line_1_21' title="bbox 311 1745 1593 1811; baseline -0.001 -16"><span class='ocrx_word' id='word_1_166' title='bbox 311 1762 414 1804; x_wconf 82' lang='lat' dir='ltr'>tur,</span> <span class='ocrx_word' id='word_1_167' title='bbox 435 1750 512 1811; x_wconf 83' lang='lat' dir='ltr'>qui</span> <span class='ocrx_word' id='word_1_168' title='bbox 536 1749 778 1809; x_wconf 85' lang='lat' dir='ltr'>imperium</span> <span class='ocrx_word' id='word_1_169' title='bbox 791 1781 802 1802; x_wconf 87' lang='lat'><em>,</em></span> <span class='ocrx_word' id='word_1_170' title='bbox 824 1748 907 1807; x_wconf 88' lang='lat' dir='ltr'>qui</span> <span class='ocrx_word' id='word_1_171' title='bbox 925 1745 1065 1791; x_wconf 78' lang='lat' dir='ltr'>fasces</span> <span class='ocrx_word' id='word_1_172' title='bbox 1079 1745 1218 1791; x_wconf 80' lang='lat' dir='ltr'>habet</span> <span class='ocrx_word' id='word_1_173' title='bbox 1231 1779 1244 1800; x_wconf 91' lang='lat'><strong>‚</strong></span> <span class='ocrx_word' id='word_1_174' title='bbox 1261 1747 1346 1790; x_wconf 73' lang='lat' dir='ltr'>nisi</span> <span class='ocrx_word' id='word_1_175' title='bbox 1361 1746 1593 1804; x_wconf 68' lang='lat' dir='ltr'>humilis,</span> 
     </span>
     <span class='ocr_line' id='line_1_22' title="bbox 313 1824 1595 1887; baseline -0.002 -13"><span class='ocrx_word' id='word_1_176' title='bbox 313 1840 360 1875; x_wconf 88' lang='lat' dir='ltr'>et</span> <span class='ocrx_word' id='word_1_177' title='bbox 377 1825 586 1873; x_wconf 80' lang='lat' dir='ltr'>sordidus</span> <span class='ocrx_word' id='word_1_178' title='bbox 599 1860 612 1881; x_wconf 88' lang='lat'>‚</span> <span class='ocrx_word' id='word_1_179' title='bbox 635 1838 679 1871; x_wconf 89' lang='lat' dir='ltr'>et</span> <span class='ocrx_word' id='word_1_180' title='bbox 694 1826 772 1887; x_wconf 91' lang='lat' dir='ltr'>qui</span> <span class='ocrx_word' id='word_1_181' title='bbox 792 1840 840 1868; x_wconf 73' lang='lat' dir='ltr'>se</span> <span class='ocrx_word' id='word_1_182' title='bbox 852 1824 1027 1886; x_wconf 81' lang='lat' dir='ltr'>primus</span> <span class='ocrx_word' id='word_1_183' title='bbox 1048 1825 1143 1883; x_wconf 80' lang='lat' dir='ltr'>ipse</span> <span class='ocrx_word' id='word_1_184' title='bbox 1160 1826 1443 1869; x_wconf 77' lang='lat' dir='ltr'>contemnit?</span> <span class='ocrx_word' id='word_1_185' title='bbox 1461 1826 1595 1873; x_wconf 77' lang='lat' dir='ltr'>Male</span> 
     </span>
     <span class='ocr_line' id='line_1_23' title="bbox 316 1900 1595 1968; baseline -0.003 -13"><span class='ocrx_word' id='word_1_186' title='bbox 316 1911 410 1955; x_wconf 80' lang='lat' dir='ltr'>vim</span> <span class='ocrx_word' id='word_1_187' title='bbox 432 1923 559 1953; x_wconf 71' lang='lat' dir='ltr'>suam</span> <span class='ocrx_word' id='word_1_188' title='bbox 584 1916 781 1968; x_wconf 77' lang='lat' dir='ltr'>potestas</span> <span class='ocrx_word' id='word_1_189' title='bbox 804 1901 999 1948; x_wconf 79' lang='lat' dir='ltr'>alioruin</span> <span class='ocrx_word' id='word_1_190' title='bbox 1021 1900 1305 1949; x_wconf 80' lang='lat' dir='ltr'>coutumeliis</span> <span class='ocrx_word' id='word_1_191' title='bbox 1324 1908 1595 1965; x_wconf 53' lang='lat' dir='ltr'>expet-itum</span> 
     </span>
     <span class='ocr_line' id='line_1_24' title="bbox 317 1978 1596 2043; baseline -0.003 -9"><span class='ocrx_word' id='word_1_192' title='bbox 317 1987 438 2034; x_wconf 80' lang='lat' dir='ltr'>male</span> <span class='ocrx_word' id='word_1_193' title='bbox 456 2000 626 2032; x_wconf 82' lang='lat' dir='ltr'>terrore</span> <span class='ocrx_word' id='word_1_194' title='bbox 643 1984 871 2028; x_wconf 80' lang='lat' dir='ltr'>veneratio</span> <span class='ocrx_word' id='word_1_195' title='bbox 890 1981 1164 2043; x_wconf 61' lang='lat' dir='ltr'>acquir-itum</span> <span class='ocrx_word' id='word_1_196' title='bbox 1186 1978 1410 2043; x_wconf 75' lang='lat' dir='ltr'>longeque</span> <span class='ocrx_word' id='word_1_197' title='bbox 1432 1983 1596 2030; x_wconf 77' lang='lat' dir='ltr'>valen-</span> 
     </span>
     <span class='ocr_line' id='line_1_25' title="bbox 318 2055 1590 2119; baseline -0.002 -9"><span class='ocrx_word' id='word_1_198' title='bbox 318 2068 408 2111; x_wconf 83' lang='lat' dir='ltr'>tior</span> <span class='ocrx_word' id='word_1_199' title='bbox 420 2079 551 2108; x_wconf 77' lang='lat' dir='ltr'>amor</span> <span class='ocrx_word' id='word_1_200' title='bbox 564 2061 621 2106; x_wconf 80' lang='lat' dir='ltr'>ad</span> <span class='ocrx_word' id='word_1_201' title='bbox 640 2057 938 2104; x_wconf 83' lang='lat' dir='ltr'>obtinendum</span> <span class='ocrx_word' id='word_1_202' title='bbox 952 2091 965 2111; x_wconf 90' lang='lat'><strong><em>‚</em></strong></span> <span class='ocrx_word' id='word_1_203' title='bbox 981 2057 1106 2119; x_wconf 82' lang='lat' dir='ltr'><strong>quod</strong></span> <span class='ocrx_word' id='word_1_204' title='bbox 1120 2055 1230 2102; x_wconf 73' lang='lat' dir='ltr'>velis</span> <span class='ocrx_word' id='word_1_205' title='bbox 1242 2091 1255 2112; x_wconf 87' lang='lat'><strong><em>‚</em></strong></span> <span class='ocrx_word' id='word_1_206' title='bbox 1270 2073 1413 2118; x_wconf 78' lang='lat' dir='ltr'><strong>quam</strong></span> <span class='ocrx_word' id='word_1_207' title='bbox 1426 2063 1590 2108; x_wconf 72' lang='lat' dir='ltr'>umor.</span> 
     </span>
     <span class='ocr_line' id='line_1_26' title="bbox 319 2134 1596 2194; baseline -0.001 -8"><span class='ocrx_word' id='word_1_208' title='bbox 319 2144 438 2189; x_wconf 77' lang='lat' dir='ltr'>Nam</span> <span class='ocrx_word' id='word_1_209' title='bbox 455 2142 593 2186; x_wconf 85' lang='lat' dir='ltr'>timor</span> <span class='ocrx_word' id='word_1_210' title='bbox 605 2137 717 2191; x_wconf 80' lang='lat' dir='ltr'>abit,</span> <span class='ocrx_word' id='word_1_211' title='bbox 731 2137 770 2180; x_wconf 70' lang='lat' dir='ltr'>si</span> <span class='ocrx_word' id='word_1_212' title='bbox 784 2134 968 2181; x_wconf 76' lang='lat' dir='ltr'>recedas</span> <span class='ocrx_word' id='word_1_213' title='bbox 980 2167 993 2190; x_wconf 89' lang='lat'>,</span> <span class='ocrx_word' id='word_1_214' title='bbox 1008 2146 1163 2181; x_wconf 77' lang='lat' dir='ltr'>manet</span> <span class='ocrx_word' id='word_1_215' title='bbox 1181 2149 1336 2191; x_wconf 77' lang='lat' dir='ltr'>amni-3</span> <span class='ocrx_word' id='word_1_216' title='bbox 1352 2152 1406 2182; x_wconf 85' lang='lat' dir='ltr'>ac</span> <span class='ocrx_word' id='word_1_217' title='bbox 1424 2139 1497 2184; x_wconf 73' lang='lat' dir='ltr'>sic</span> <span class='ocrx_word' id='word_1_218' title='bbox 1509 2172 1523 2194; x_wconf 93' lang='lat'>,</span> <span class='ocrx_word' id='word_1_219' title='bbox 1540 2150 1596 2185; x_wconf 78' lang='lat' dir='ltr'>nt</span> 
     </span>
    </p>
   </div>
  </div>
 </body>
</html>
