1650 2550
548 219 768 264 Llssssn
803 199 965 264 v'111.
1332 218 1391 281 47

128 304 342 367 improbo
349 324 426 354 eos
436 313 597 356 sectari
610 345 624 365 ‚
635 326 822 372 carpere
834 345 847 366 ,
862 310 957 355 fere
967 309 1074 354 huic
1086 343 1099 364 ‚
1117 310 1242 372 quod
1250 326 1396 373 quum

130 385 325 432 maxime
340 389 629 448 praecipimus
641 421 655 441 ‚
670 399 904 447 repugnet.
921 388 1136 448 Quisquis
1153 386 1227 432 ille
1240 422 1253 441 ‚
1276 401 1396 447 qua-

128 456 406 524 liscumque,
430 464 642 511 sileatur:
665 481 805 527 quem
825 466 1036 525 insignire
1055 500 1067 520 ‚
1090 464 1282 526 exempli
1303 480 1394 510 non

129 536 239 583 nihil
258 556 272 594 ;
291 556 383 586 nou
401 544 618 604 insignire
629 577 643 598 ‚
663 542 960 590 humanitatis
972 543 1224 605 plurimum
1241 542 1393 589 refert.

134 616 256 663 Vale.

135 775 715 800 mmmm
1005 781 1390 802 mm

633 904 876 954 XXIII.

381 1043 824 1089 MARCELLIN
843 1045 883 1089 O
919 1045 1060 1089 SUO
1097 1046 1125 1089 S

206 1186 396 1229 Iunium
413 1185 601 1230 Avitum
620 1186 858 1231 decessisse
881 1188 1159 1249 impatienter
1178 1184 1312 1231 dolet.

191 1328 352 1372 Omma
371 1326 485 1372 mihi
509 1317 682 1383 studia,
705 1343 861 1374 omnes
883 1344 1013 1373 curas
1027 1363 1039 1383 ,
1063 1330 1216 1374 omnia
1235 1345 1388 1376 avoca-

135 1418 279 1451 menta
310 1410 503 1462 exemit,
542 1407 755 1462 excussit,
788 1408 956 1467 eripuit
986 1404 1132 1462 dolor,
1167 1423 1304 1469 quem
1336 1425 1390 1453 ex

134 1486 411 1531 morteJunii
428 1487 546 1531 Aviti
559 1487 874 1545 gravissimum
894 1487 1007 1546 cepi.
1027 1488 1190 1531 Latum
1208 1486 1390 1533 clavum

134 1563 178 1608 in
202 1562 339 1608 domo
362 1579 465 1607 mea
492 1563 727 1617 indueram
760 1562 977 1624 suffragio
1000 1579 1101 1608 meo
1133 1563 1313 1623 adjutus
1340 1566 1388 1609 in

132 1640 331 1702 petendis
338 1639 593 1685 bonoribus
607 1640 755 1685 fuerat
766 1658 778 1694 ;
792 1640 851 1685 ad
860 1640 946 1685 boc
958 1675 969 1694 ,
987 1637 1049 1686 itit
1061 1657 1135 1686 me
1145 1641 1362 1703 diligebat
1372 1675 1386 1697 ‚

133 1719 190 1762 ita
207 1716 468 1771 verebatur,
494 1729 545 1762 ut
562 1732 636 1761 me
653 1716 898 1763 formatore
925 1732 1130 1772 morum,
1159 1733 1233 1763 me
1254 1719 1388 1779 quasi

135 1798 340 1857 magistro
375 1807 593 1840 uteretur.
628 1796 800 1839 Rarum
829 1795 916 1841 hoc
949 1798 995 1840 in
1027 1794 1386 1841 adolescentibus

133 1876 301 1920 uostris.
326 1875 447 1918 Nam
466 1875 827 1935 quotusquisque
849 1873 921 1918 vel
942 1876 1062 1919 aetati
1080 1872 1289 1928 alteriu‘s,
1312 1870 1386 1918 vel

134 1953 378 1999 auctoritati
391 1984 405 2005 ,
422 1964 473 1996 ut
486 1952 651 2005 minor,
666 1950 811 1997 cedit?
827 1954 989 1997 Statim
1005 1953 1186 2011 sapiunt
1197 1984 1210 2005 ,
1231 1952 1383 1995 statim

132 2033 269 2078 nciuut
285 2031 442 2076 omnia
458 2044 470 2074 t
487 2031 715 2074 neminem
732 2042 961 2084 verentur,
983 2031 1219 2075 imitantur
1236 2029 1383 2071 nemi-

132 2123 227 2154 uem
241 2143 254 2164 ‚
268 2119 406 2170 atque
420 2107 506 2168 ipsi
527 2105 610 2150 sibi
626 2106 828 2168 exempla
846 2119 965 2152 sunt.
986 2104 1074 2151 Sed
1086 2120 1179 2149 non
1194 2106 1376 2149 Avitus:
1423 2107 1428 2118 '

134 2186 248 2246 eujus
260 2185 355 2233 haec
369 2185 603 2247 praecipua
619 2184 861 2246 prudentia
873 2217 886 2240 ,
902 2182 1027 2244 quod
1041 2181 1155 2225 alios
1168 2180 1378 2241 pruden-
