1650 2550
389 207 733 256 TRAJANO
768 211 1068 258 DICTUS.
1272 211 1361 259 325

80 311 179 347 tuae
205 305 441 362 pretium,
464 319 604 366 quam
626 305 741 351 bene
763 306 1005 366 judicasse.
1038 308 1166 352 Stant
1186 318 1289 352 ante
1317 318 1362 352 te

79 376 368 438 litigatores,
396 395 487 425 non
506 381 564 426 de
587 380 779 427 fortunis
801 385 894 428 suis
906 419 919 440 ,
940 383 1021 428 sed
1039 383 1097 428 de
1114 394 1193 428 tua
1210 385 1361 429 existi-

80 459 295 501 matione
320 456 523 514 solliciti;
545 475 629 504 nec
649 473 739 505 tam
758 472 992 515 verentur,
1018 460 1128 523 quid
1150 459 1207 505 de
1230 476 1365 505 causa

82 549 194 588 sua,
221 549 368 594 quam
387 534 501 598 quid
523 536 581 581 de
608 537 814 582 moribus
839 540 1019 583 sentias.
1046 539 1087 583 Ο
1110 552 1213 582 vere
1235 540 1361 597 prin-

79 615 230 674 cipis,
259 627 404 673 atque
438 617 577 660 etiam
607 614 828 671 consulis,
860 614 1147 661 reconciliare
1178 614 1362 660 aemulas

82 691 331 744 civitaten
357 703 671 754 tumentesque
689 692 884 754 populos
902 708 993 737 non
1015 693 1206 753 imperio
1224 695 1366 752 magis

77 784 228 831 quam
245 771 424 814 ratione
433 785 715 832 compescere
729 788 739 816 :
757 772 1036 817 intercedere
1048 770 1363 831 iniquitatibus

79 847 466 906 magistratuum3
488 847 794 908 infectumque
813 847 1003 893 reddere
1023 846 1248 909 quidquid
1266 846 1364 892 fieri

78 937 180 968 non
191 925 450 984 oportuerit
463 937 715 985 :postremo
726 961 740 980 ,
754 924 1024 971 velocissimi
1039 923 1196 970 sideris
1209 939 1335 968 more
1347 957 1361 979 ,

80 1002 247 1045 omnia
284 1001 480 1045 invisere
501 1035 515 1055 ‚
546 1004 699 1046 omnia
734 1001 924 1057 audire,
958 1014 1004 1047 et
1043 1000 1363 1063 undecumque

80 1078 359 1122 invocatum
384 1080 533 1124 statim
554 1077 676 1124 velut
699 1094 869 1125 numen
894 1078 1048 1123 adesse
1070 1091 1114 1124 et
1136 1078 1363 1124 assistere!

78 1155 221 1200 Talia
242 1170 343 1200 esse
360 1156 633 1202 crediderim
653 1171 755 1218 quae
776 1160 871 1217 ipse
890 1156 1051 1200 mundi
1070 1171 1232 1216 parens
1254 1167 1367 1202 tem·

75 1247 218 1297 perat
236 1247 380 1289 nutu,
401 1237 437 1280 si
456 1235 642 1297 quando
666 1235 822 1283 oculos
849 1234 1031 1280 demisit
1054 1237 1099 1280 in
1124 1247 1267 1281 terras
1283 1270 1296 1291 ,
1322 1248 1368 1283 et

77 1313 206 1360 facta
239 1314 507 1359 mortalium
539 1316 654 1359 inter
681 1314 837 1360 divina
860 1328 998 1374 opera
1021 1328 1261 1359 numerare
1288 1314 1365 1359 di-

80 1404 258 1452 gnatus
280 1403 376 1436 est:
399 1408 492 1453 qua
509 1407 630 1437 nunc
651 1404 781 1453 parte
805 1391 923 1437 liber
941 1389 1229 1453 solutusque,
1253 1392 1368 1438 coelo

81 1480 275 1514 tantum
298 1481 455 1522 vacat,
480 1482 723 1530 postquam
754 1481 796 1515 te
815 1468 967 1523 dedit,
992 1472 1071 1530 qui
1098 1484 1205 1530 erga
1231 1486 1367 1515 omne

89 1547 345 1592 hominnm
355 1561 497 1606 genus
508 1549 603 1591 vice
618 1561 698 1590 sua
714 1546 981 1605 iunget-eris.
999 1547 1214 1607 fungeris
1222 1548 1369 1602 enim,

86 1625 362 1685 sufficitque
381 1623 618 1669 mandanti
634 1640 645 1669 :
662 1639 805 1685 quum
821 1623 904 1670 tibi
919 1623 1017 1669 dies
1029 1626 1175 1670 omnis
1189 1639 1368 1669 summa

86 1720 203 1751 cum
227 1702 425 1749 utilitate
451 1715 631 1758 nostra,
657 1718 833 1749 summa
857 1718 963 1749 cum
990 1717 1070 1754 tua
1095 1701 1231 1748 laude
1260 1718 1369 1749 con-

86 1784 251 1831 datur.

153 1861 357 1906 Lxxxl.
380 1862 518 1920 Quon
542 1860 781 1920 siquando
797 1875 904 1906 cum
922 1857 1221 1905 influentibus
1240 1874 1372 1922 nego-

87 1941 168 1985 tiis
191 1939 322 1998 paria
344 1936 513 1993 fecisti,
533 1939 678 1983 instar
700 1936 955 1983 refectionis
974 1936 1372 1985 existimas,muta-

88 2019 269 2065 tionem
299 2014 483 2060 laboris.
508 2018 621 2075 Quae
642 2017 764 2061 enim
792 2016 995 2062 remissio
1024 2011 1136 2066 tibi,
1166 2015 1251 2057 nisi
1274 2012 1370 2057 lus-

88 2108 220 2142 trare
261 2092 427 2147 saltus,
460 2104 667 2142 excutere
703 2092 933 2139 cubilibus
968 2091 1088 2136 feras
1105 2125 1118 2144 ‚
1156 2106 1370 2151 superare

87 2179 323 2221 immensa
348 2172 575 2219 montium
602 2170 737 2231 juga,
774 2182 819 2217 et
851 2169 1143 2216 horrentibus
1176 2166 1374 2229 seopulis
