1650 2550
280 144 371 200 284
638 145 1166 192 PANEGYRICUS

274 242 510 287 invitantia
530 240 684 288 limina
707 245 871 304 irrupit
892 259 903 287 z
928 242 1148 304 longeque
1168 253 1277 287 tunc
1296 241 1367 288 illi
1384 242 1545 289 divini-

274 329 344 364 tas
363 333 466 374 sua,
487 318 617 381 louge
631 336 793 366 arcana
813 321 889 366 illa
910 320 1075 366 cubilia
1097 322 1296 381 saevique
1318 337 1540 374 secessus,

275 397 322 440 in
341 413 454 458 quos
481 400 642 443 timore
665 410 710 444 et
731 398 945 460 superbia
965 409 1011 444 et
1036 397 1144 442 odio
1165 397 1414 443 bominum
1439 413 1543 457 age·

275 473 427 520 batur.
454 479 632 538 Quanto
655 492 776 522 nunc
798 479 956 530 tutior,
975 488 1149 538 quanto
1168 481 1379 522 securior
1390 478 1545 522 eaden

278 551 465 607 domus,
487 567 725 616 postquam
750 554 846 613 ejus
868 569 959 598 non
980 552 1291 609 crudelitatis,
1317 555 1400 599 sed
1423 540 1546 599 amo-

278 633 341 675 ris
360 630 555 676 excubiis
572 665 585 686 ,
601 646 694 675 non
713 629 955 676 solitudine
969 641 1013 674 et
1026 628 1238 674 clausu-is
1251 665 1265 684 ,
1282 631 1364 675 sed
1380 633 1545 675 civium

280 707 540 754 celebritate
564 707 851 753 defenditur?
871 706 1046 769 Ecquid
1072 704 1455 766 ergo?'discimns
1475 721 1547 750 ex-

282 789 533 848 perimento
562 785 870 832 fidelissimam
898 801 992 831 esse
1018 774 1279 830 custodiam
1307 785 1550 846 principis,

286 867 430 925 ipsius
450 865 762 909 innocentiam.
780 865 887 908 Haec
905 878 985 907 arx
1000 863 1223 906 inaccessa
1237 895 1252 913 ,
1270 860 1360 905 hoe
1376 863 1554 921 inexpu-

288 940 468 1001 gnabile
480 943 810 986 munimentum
823 975 837 994 ‚
855 942 1136 984 munimento
1146 954 1242 983 non
1253 953 1405 998 egere.
1421 941 1555 983 Frus-

288 1028 358 1063 tra
386 1034 432 1062 se
460 1030 629 1063 terrore
652 1019 943 1072 succinxerit,
965 1018 1046 1077 qui
1069 1028 1228 1076 septus
1253 1018 1449 1062 caritate
1468 1030 1555 1059 nnn

288 1093 427 1140 fuerit
443 1111 454 1139 ε
476 1096 613 1140 armis
626 1097 748 1140 enim
767 1110 893 1140 arma
911 1097 1165 1141 irritantur.
1182 1096 1314 1138 Num
1326 1107 1484 1140 autem
1497 1110 1556 1138 se-

291 1172 381 1216 rias
400 1183 574 1217 tantum
589 1184 738 1232 partes
752 1171 931 1216 dierum
943 1173 991 1216 in
1009 1170 1150 1216 oculis
1163 1173 1339 1216 nostris
1350 1184 1556 1232 coetuque

293 1251 546 1295 consumis?
568 1265 658 1295 non
680 1247 1019 1295 remissionibus
1040 1251 1131 1294 tuis
1153 1248 1324 1294 eadem
1346 1249 1555 1312 hequen»

288 1331 352 1374 tia
366 1363 378 1383 ,
399 1328 649 1390 eademque
667 1327 742 1373 illa
761 1327 981 1373 socialitas
999 1328 1217 1373 interest?
1231 1343 1329 1373 non
1347 1328 1434 1374 tibi
1449 1343 1559 1374 sen-

289 1423 373 1470 per
390 1410 435 1452 in
454 1409 604 1453 medio
626 1408 754 1454 cibus
771 1443 784 1463 ,
805 1424 1073 1470 semperque
1093 1423 1252 1453 mensa
1269 1407 1558 1454 communis?

293 1501 384 1531 non
406 1502 458 1531 ex
479 1488 687 1533 convictu
708 1498 864 1532 nostro
884 1498 1042 1531 mutua
1064 1484 1312 1547 voluptas?
1332 1503 1429 1533 non
1454 1500 1555 1548 pto-

294 1579 427 1609 vocas
446 1563 687 1623 reddisque
701 1564 958 1609 semones?
974 1578 1066 1608 non
1087 1564 1241 1623 ipsum
1256 1576 1447 1625 tempus
1459 1578 1557 1623 epu-

298 1642 447 1688 larum
465 1652 648 1687 tuarum
663 1645 810 1703 'quum
822 1639 1057 1702 frugalitas
1075 1640 1321 1686 contrahat
1333 1675 1347 1696 ,
1373 1640 1561 1687 extendit

297 1720 585 1765 humanitas?
600 1721 698 1764 Non
717 1720 839 1764 enim
856 1732 960 1764 ante
977 1717 1183 1764 medium
1199 1717 1329 1763 diem
1346 1719 1558 1765 distent-s

297 1797 496 1844 solitaria
508 1812 634 1842 coena
647 1830 660 1850 ‚
675 1808 898 1857 spectator
912 1795 1243 1855 adnotaturque
1257 1798 1466 1841 convivis
1480 1796 1557 1840 tuis

298 1878 508 1921 immines
520 1894 533 1932 ;
549 1890 632 1920 nec
641 1873 806 1934 jejunis
821 1885 866 1918 et
882 1872 1095 1919 inanibus
1107 1871 1275 1934 plenus
1292 1874 1395 1934 ipse
1409 1886 1454 1919 et
1466 1886 1557 1917 ruc-

301 1969 401 2002 tans
431 1969 522 2000 non
554 1965 647 1999 tam
678 1953 868 2012 apponis
899 1965 1039 2010 quam
1072 1949 1232 2008 objicis
1263 1950 1396 1995 cibos
1410 1985 1424 2004 ,
1456 1963 1558 2012 qnos

281 2022 554 2090 'dedigneris
573 2029 818 2086 attingere3
841 2041 1047 2087 aegreque
1060 2040 1305 2087 perpessus
1324 2027 1560 2089 superbam

298 2104 422 2149 illam
445 2104 673 2148 convictus
705 2100 1066 2157 simulationem,
1098 2119 1261 2150 rursus
1285 2116 1331 2150 te
1365 2104 1429 2149 ad
1449 2103 1563 2149 clan-
