1650 2550
532 174 755 218 Lmen
790 175 881 218 1x.
1281 178 1338 235 95

71 267 117 310 'm
130 265 439 313 diversissima
454 278 586 328 parte
603 278 832 312 terrarum
843 302 856 322 ,
878 265 1062 329 querela
1083 280 1164 315 est.
1184 268 1338 315 Altera

31 340 32 347 ¹
80 343 256 403 epistola
279 346 467 390 nuntias
486 341 632 389 multa
658 355 700 388 te
725 359 847 389 nunc
865 344 1034 391 dictare
1048 380 1061 400 ,
1082 361 1205 391 nunc
1228 350 1339 391 scri-

82 417 202 475 here,
235 420 410 483 quibus
442 435 527 464 nos
559 419 643 465 tibi
676 433 983 481 repraesentes.
1014 423 1190 468 Gratias
1222 438 1335 484 ago:

86 510 250 555 agerem
271 500 444 560 magis,
467 499 505 541 si
527 512 600 542 me
620 495 698 542 illa
717 498 837 558 ipsa,
859 514 961 559 quae
978 498 1134 544 scribis
1153 511 1233 544 aut
1250 500 1340 546 dic-

85 585 169 629 tu,
183 574 331 636 legere
349 575 584 621 voluisses.
606 579 661 621 Et
679 587 777 621 erat
794 591 978 637 aequum
997 588 1049 621 ut
1068 588 1110 622 te
1128 570 1231 622 mea
1244 611 1256 632 ,
1277 579 1342 624 ita

87 667 152 698 me
167 667 246 699 tua
263 658 432 715 scripta
456 669 750 715 cognoscere,
770 656 945 699 etiamsi
964 656 1022 701 ad
1040 654 1180 700 alium
1201 671 1339 717 quam

85 730 136 774 ad
150 747 220 777 me
235 733 534 793 pertinerent.
555 730 784 777 Polliceris
802 733 849 776 in
872 731 960 778 fine
974 767 987 787 ,
1006 748 1151 794 quum
1172 734 1338 778 certius

84 807 135 853 de
150 813 249 856 vitae
268 824 437 857 nostrae
463 811 750 856 ordinatione
772 809 947 873 aliquid
969 812 1167 858 audieris
1180 847 1194 867 ,
1218 811 1340 857 sutum

86 903 181 934 rum
203 901 244 935 te
265 889 511 950 fugitivum
534 891 601 935 rei
621 887 884 945 familiaris,
909 891 1150 951 statimque
1172 889 1232 935 ad
1258 904 1339 935 nos
1388 942 1397 949 X

86 966 358 1023 evohmrum
372 1003 385 1023 ,
401 972 482 1031 qui
492 969 588 1028 jam
604 967 687 1013 tihi
701 967 942 1029 compedes
958 971 1179 1014 nectimus
1191 1003 1205 1024 ,
1225 985 1338 1031 quas

86 1045 353 1107 perh-ingere
373 1045 505 1092 nullo
523 1045 661 1091 modo
681 1049 840 1107 possis.
861 1046 1016 1092 Tertia
1033 1045 1222 1107 epistola
1239 1063 1343 1093 cou-

90 1123 274 1178 fluebat,
294 1140 392 1170 esse
419 1124 504 1169 tibi
531 1123 757 1169 redditam
775 1126 1027 1170 orationem
1048 1139 1133 1185 pro
1162 1123 1339 1182 Clario,

76 1193 267 1265 ‘eamque
282 1206 426 1249 visam
447 1202 704 1249 uberiorem
716 1237 730 1258 ‚
752 1218 893 1264 qnam
905 1236 918 1258 ,
938 1203 1113 1249 dicente
1127 1219 1201 1249 me
1213 1240 1225 1261 ,
1250 1221 1339 1249 au-

92 1280 229 1327 diente
254 1293 325 1337 te,
353 1281 510 1327 fuerit.
539 1283 617 1326 Est
646 1280 851 1334 uberior3
873 1279 1018 1326 multa
1039 1283 1159 1326 enim
1181 1294 1338 1342 postea

92 1361 261 1406 inserui.
286 1360 483 1421 Adjicis‚
511 1357 621 1404 alias
648 1370 693 1404 te
721 1358 891 1405 litteras
910 1360 1130 1405 curiosius
1152 1362 1339 1423 scriptas
1434 1402 1438 1406 .

93 1440 274 1486 misisse:
295 1455 354 1485 an
369 1440 640 1501 acceperim,
656 1438 839 1500 quaeris,
857 1439 960 1483 Non
973 1440 1145 1500 accepi,
1159 1451 1204 1486 et
1219 1442 1336 1485 acci-

98 1530 191 1575 pere
202 1519 355 1578 gestio.
372 1514 571 1561 Proinde
582 1517 730 1575 prima
742 1530 925 1577 quaque
937 1509 1173 1562 occasione
1186 1519 1314 1562 mitte
1326 1551 1340 1572 ,

97 1597 291 1656 appositis
318 1593 511 1658 quidem
540 1594 691 1638 usuris
703 1627 717 1648 ,
748 1608 861 1654 quas
888 1609 970 1655 ego
995 1596 1134 1652 (num
1159 1595 1339 1656 parcius

100 1676 324 1734 possum?)
351 1674 623 1720 centesimas
640 1671 932 1733 computabo.
956 1670 1086 1724 Vale.
