1650 2550
527 160 775 252 'LIBER
809 187 900 231 IX.
1282 201 1359 231 101

123 290 223 323 nnnc
230 280 485 342 praecedere
495 295 694 342 puerum
707 316 722 337 ‚
731 296 856 326 nunc
866 283 994 343 sequi
1005 315 1019 336 ,
1042 296 1163 326 nunc
1170 282 1367 327 circurn-

121 356 192 411 ire,
220 370 449 419 postremo
481 358 664 414 subire,
700 358 954 420 deponere,
989 361 1155 404 iterum
1188 358 1368 415 subire,

121 435 496 498 trepidantemque
527 436 733 497 perferre
753 438 955 497 primum
986 439 1034 482 in
1062 437 1235 493 altum,
1264 451 1368 481 mox

121 509 243 559 flectit
259 514 317 559 ad
338 514 464 560 littus
477 548 491 569 ,
512 514 754 576 redditque
772 528 904 560 terrae
924 525 971 560 et
988 513 1254 576 aequalibus.
1275 516 1373 559 Ser-

121 590 180 648 pit
198 605 278 651 per
302 592 531 637 coloniam
553 590 676 637 fama
694 610 705 638 ε
727 606 996 638 concurrere
1012 607 1169 638 omnes
1182 625 1196 646 ,
1219 593 1371 653 ipsum

121 682 303 728 puerum
335 683 577 734 tamquam
613 669 886 719 miraculum
915 672 1139 733 aspicere,
1178 672 1370 715 interro-

120 759 237 804 gare,
261 747 449 804 audire,
470 764 672 795 narrare.
693 751 878 795 Postero
894 748 969 793 die
987 747 1198 794 obsident
1217 746 1343 793 littus
1356 782 1370 802 ,

118 837 395 886 prospectant
421 841 574 881 mare,
607 838 652 872 et
679 828 715 870 si
738 825 852 888 quid
881 827 996 870 mari
1019 824 1181 871 simile.
1206 825 1373 871 Natant

118 906 253 964 pueri:
263 906 384 952 inter
391 903 475 950 hos
485 904 580 961 ille,
593 904 672 950 sed
680 907 871 951 cautius.
884 904 1137 967 Delphinus
1147 919 1304 950 rursus
1314 903 1373 950 ad

120 992 312 1043 tempus,
344 999 506 1028 rursus
533 982 592 1027 ad
618 998 813 1044 puerum
844 984 982 1028 venit.
1007 984 1141 1043 Fugit
1165 981 1242 1028 ille
1269 998 1374 1028 cum

119 1063 299 1106 coeoeris.
311 1060 587 1122 Delphinus,
610 1062 738 1123 qnasi
753 1063 913 1108 invitet
926 1073 972 1107 et
985 1073 1182 1116 revocet,
1203 1059 1369 1117 exsilit,

120 1142 345 1201 mergitur,
377 1143 622 1201 variosque
652 1140 785 1186 orbes
810 1139 1051 1201 implicitat
1083 1140 1368 1202 expetiitque.

121 1217 208 1263 Hoc
232 1217 378 1264 altero
406 1217 481 1263 dic
499 1252 512 1274 ‚
544 1217 631 1263 hoc
657 1219 814 1276 tertio,
844 1217 935 1263 hoc
965 1215 1197 1280 pluribus,
1230 1216 1373 1264 donec

119 1293 317 1343 homines
349 1299 595 1344 innutritos
622 1298 738 1343 mari
771 1297 945 1342 subiret
980 1296 1168 1343 timendi
1195 1296 1370 1358 pudor:

118 1374 331 1421 accedunt
343 1409 356 1430 ,
373 1386 420 1420 et
428 1373 637 1420 alludunt
648 1409 661 1430 ,
678 1386 720 1420 et
735 1372 988 1437 appellant:
1006 1386 1195 1436 tangunt
1209 1377 1342 1421 etiam
1360 1408 1373 1429 ,

116 1464 477 1514 pertrectantque
497 1451 787 1513 praebentem.
808 1452 978 1498 Crescit
995 1452 1182 1499 audacia
1200 1455 1377 1514 experi-

120 1542 280 1576 menta.
318 1530 521 1575 Maxime
556 1542 688 1589 puer,
728 1531 805 1591 qui
842 1530 1015 1591 primus
1045 1542 1253 1590 expertus
1284 1541 1374 1584 est,

118 1606 298 1654 adnatat
320 1608 522 1662 natanti,
547 1604 686 1652 insilit
709 1618 861 1668 tergm
890 1606 1036 1654 fertur
1065 1608 1376 1669 reienurque3

119 1687 292 1747 agnosci
316 1701 364 1731 se
377 1718 390 1739 ,
411 1685 556 1729 amari
569 1696 700 1744 putat
716 1719 728 1739 ,
750 1696 872 1730 amat
893 1687 1016 1746 ipse:
1039 1698 1200 1730 neuter
1218 1686 1346 1730 timet
1360 1720 1373 1740 ‚

121 1777 275 1811 neuter
295 1765 513 1809 timetur:
545 1761 680 1822 hujus
711 1762 875 1809 fiducia
894 1800 907 1820 ‚
936 1761 1237 1809 mansuetudo
1259 1760 1378 1807 illius

121 1854 319 1904 nugetur.
345 1843 443 1887 Nec
469 1856 563 1886 non
584 1839 660 1886 alii
688 1844 818 1903 pueri
838 1842 992 1887 dextra
1015 1840 1217 1903 laevaque
1245 1838 1381 1885 simul

123 1933 224 1967 eunt
243 1919 482 1966 hortantes
503 1931 840 1982 monentesque.
861 1918 964 1965 Ibat
983 1934 1073 1963 una
1101 1918 1176 1976 (id
1198 1932 1381 1979 quoque

125 1999 312 2058 mirum)
344 1995 592 2058 delphinus
618 1994 758 2051 alius,
789 2010 969 2043 tantum
991 2007 1215 2058 spectator
1239 2008 1284 2041 et
1306 2009 1383 2039 co-

127 2092 227 2124 mes.
241 2076 370 2122 Nihil
384 2077 510 2121 enirn
523 2073 668 2124 simile
681 2088 760 2122 aut
776 2075 989 2131 faciebat,
1004 2086 1084 2120 aut
1096 2072 1376 2135 patiebatur:

127 2155 194 2203 sed
217 2153 413 2203 alterum
434 2152 566 2199 inum
585 2152 805 2210 ducebat,
825 2152 1097 2205 reducebat,
1118 2164 1169 2196 ut
1184 2164 1382 2211 puerum
