1650 2550
337 162 684 209 TRAJANO
719 165 1020 212 mc'rns.
1219 165 1306 228 247

45 255 143 314 quis
163 255 308 316 paulo
328 259 543 303 vetustior
560 258 689 304 miles
701 293 714 314 ,
736 259 810 305 hic
824 272 869 306 te
882 259 1187 307 commilitone
1203 276 1310 307 cen-

43 344 177 378 setur.
216 336 398 394 Quotus
430 338 553 382 enim
590 338 807 400 quisque,
843 338 970 397 cujus
1002 350 1053 384 tu
1084 355 1175 385 non
1206 351 1310 386 aute

43 411 294 458 commilito
325 428 464 474 quam
488 415 760 475 imperator?
791 414 903 460 Inde
922 428 988 461 est
1015 414 1140 478 quod
1165 432 1309 478 prope

41 503 196 535 omncs
227 493 415 536 nomine
446 490 673 553 adpellas,
705 492 832 554 quod
860 493 1141 553 singulorum
1172 493 1309 539 fortia

39 562 157 611 facta
177 582 510 614 commemoras
521 585 535 623 ;
565 585 648 615 uec
666 568 835 615 habent
862 568 1203 614 adnumeranda
1220 569 1305 615 tibi

39 659 121 705 pro
139 646 381 706 republica
407 648 620 704 vulnera,
650 648 816 711 quibus
850 650 1003 695 statim
1031 647 1237 694 laudator
1262 660 1308 693 et

43 725 165 769 testis
189 726 432 785 contigisti.
1134 779 1140 784 ,

99 802 224 847 XVI.
247 804 340 847 Sim
368 812 494 849 tanto
521 805 663 864 magis
689 802 980 864 praedicanda
1010 814 1078 848 est
1099 801 1310 848 modera-

44 879 101 923 tio
119 889 202 924 tna
216 913 230 934 ,
257 878 385 940 quod
397 913 412 934 ,
433 881 678 926 innutritus
699 879 873 925 bellicis
891 879 1131 933 laudibus,
1151 895 1311 941 pacem

44 972 164 1003 amas
184 972 196 1002 ε
216 973 303 1003 nec
316 960 425 1020 quia
437 958 510 1005 vel
521 971 649 1020 pater
662 958 745 1005 tibi
761 957 1048 1020 triumphalis
1058 993 1072 1016 ‚
1088 957 1160 1004 vel
1173 959 1310 1021 adop-

45 1037 176 1081 tionis
212 1049 305 1081 tuae
335 1035 409 1082 die
435 1036 583 1083 dicata
610 1036 866 1097 Capitolino
897 1038 1000 1080 Jovi
1028 1033 1209 1092 laurus,
1237 1035 1309 1082 id-

44 1117 157 1160 circo
195 1131 250 1159 ex
287 1116 521 1160 occasione
552 1116 676 1160 omni
706 1115 874 1176 quaeris
904 1114 1176 1175 triumphos.
1203 1118 1307 1160 Non
1365 1150 1372 1154 .

44 1193 169 1239 times
192 1190 344 1247 bella,
364 1208 447 1238 nec
460 1207 695 1253 provocas.
715 1194 937 1253 Magnum
950 1203 1042 1245 est,
1063 1194 1309 1254 imperator

45 1271 273 1331 Auguste,
312 1285 528 1332 maguum
559 1282 626 1316 est
652 1283 770 1317 stare
796 1272 846 1315 iu
874 1268 1075 1314 Danubii
1105 1271 1204 1332 ripa
1221 1306 1234 1327 ,
1271 1272 1310 1317 εἰ

46 1358 273 1403 transeas,
306 1358 479 1394 certum
509 1348 756 1411 triumphi,
781 1364 864 1393 nec
887 1347 1113 1394 decertare
1146 1364 1311 1410 cupere

45 1439 140 1474 tum
176 1425 498 1473 recusantibus
523 1444 534 1472 ι
564 1442 762 1490 quorum
789 1424 984 1472 alterum
1019 1425 1309 1483 fortitudine,

44 1503 238 1552 dte-rum
266 1503 577 1551 moderatione
606 1504 814 1550 efficitur.
850 1507 967 1550 Nam
994 1515 1046 1550 ut
1071 1507 1167 1567 ipsc
1193 1504 1308 1550 nolis

45 1596 248 1646 pugnare
261 1616 275 1637 ,
301 1581 580 1628 moderatio:
602 1581 820 1627 fortitudo
840 1594 918 1627 tua
929 1594 1112 1643 praestat
1125 1616 1138 1637 ,
1154 1593 1207 1628 ut
1227 1598 1308 1627 ne-

44 1674 119 1720 que
145 1661 313 1706 hostes
334 1659 402 1704 tui
427 1658 581 1706 velint.
602 1660 803 1720 Accipiet
823 1674 929 1720 ergo
952 1658 1197 1722 aliquando
1221 1660 1310 1703 Ca-

43 1738 254 1797 pitolium
278 1751 372 1781 non
391 1738 596 1782 mimicos
617 1752 775 1782 currus
790 1771 804 1793 ,
818 1752 903 1782 nec
924 1736 1047 1782 falsae
1069 1734 1310 1781 simulacra

45 1819 242 1865 victoriae
259 1831 272 1860 :
294 1814 376 1860 sed
391 1815 661 1876 imperatore
675 1831 831 1860 veram
843 1830 894 1860 ac
914 1813 1105 1860 solidam
1118 1812 1308 1872 gloriam

45 1884 333 1958 reportante,
365 1908 550 1954 pacem,
579 1891 949 1955 tranquillitatem
963 1927 976 1948 ‚
1005 1902 1050 1936 et
1082 1903 1174 1935 tam
1203 1905 1311 1934 con-

47 1968 156 2020 fessa
171 1970 386 2016 hostium
404 1969 622 2030 obsequia
635 2004 648 2025 ,
669 1981 721 2016 ut
733 1967 980 2015 vincendus
1000 1980 1135 2012 nemo
1154 1965 1309 2012 fuerit.

48 2050 287 2098 Pulchr-ius
307 2047 393 2094 hoc
406 2048 618 2094 omnibus
637 2048 906 2110 triumphis:
923 2062 1070 2109 neque
1084 2047 1205 2090 enim
1227 2061 1310 2090 un-

50 2142 181 2188 quam
196 2162 212 2185 ,
226 2128 320 2172 nisi
335 2142 388 2172 ex
401 2137 662 2189 contemptu
676 2128 856 2190 imperii
869 2126 1013 2172 nostri
1025 2123 1196 2171 factum
1214 2134 1280 2169 cst
1292 2157 1307 2178 ‚
