<?xml version="1.0" encoding="UTF-8"?>
<!DOCTYPE html PUBLIC "-//W3C//DTD XHTML 1.0 Transitional//EN"
    "http://www.w3.org/TR/xhtml1/DTD/xhtml1-transitional.dtd">
<html xmlns="http://www.w3.org/1999/xhtml" xml:lang="en" lang="en">
 <head>
  <title>
</title>
<meta http-equiv="Content-Type" content="text/html;charset=utf-8" />
  <meta name='ocr-system' content='tesseract 3.04.00' />
  <meta name='ocr-capabilities' content='ocr_page ocr_carea ocr_par ocr_line ocrx_word'/>
</head>
<body>
  <div class='ocr_page' id='page_1' title='image "./cpliniicaeclili00rivigoog_0250.png"; bbox 0 0 1650 2550; ppageno 0'>
   <div class='ocr_carea' id='block_1_1' title="bbox 274 198 1179 256">
    <p class='ocr_par' dir='ltr' id='par_1_1' title="bbox 274 198 1179 256">
     <span class='ocr_line' id='line_1_1' title="bbox 274 198 1179 256; baseline -0.007 -9"><span class='ocrx_word' id='word_1_1' title='bbox 274 201 361 256; x_wconf 73' lang='lat'><strong>242</strong></span> <span class='ocrx_word' id='word_1_2' title='bbox 635 198 1179 247; x_wconf 82' lang='lat' dir='ltr'><strong>PANEGYRI&#39;CUS</strong></span> 
     </span>
    </p>
   </div>
   <div class='ocr_carea' id='block_1_2' title="bbox 272 291 1554 1522">
    <p class='ocr_par' dir='ltr' id='par_1_2' title="bbox 272 291 1554 1522">
     <span class='ocr_line' id='line_1_2' title="bbox 272 291 1541 354; baseline -0.003 -13"><span class='ocrx_word' id='word_1_3' title='bbox 272 306 423 348; x_wconf 62' lang='lat' dir='ltr'><strong>ceren</strong></span> <span class='ocrx_word' id='word_1_4' title='bbox 449 294 694 343; x_wconf 80' lang='lat' dir='ltr'><strong>Claudium</strong></span> <span class='ocrx_word' id='word_1_5' title='bbox 716 296 838 341; x_wconf 84' lang='lat' dir='ltr'><strong>Nero</strong></span> <span class='ocrx_word' id='word_1_6' title='bbox 854 328 867 350; x_wconf 89' lang='lat'><strong>,</strong></span> <span class='ocrx_word' id='word_1_7' title='bbox 900 292 980 339; x_wconf 80' lang='lat' dir='ltr'><strong>sed</strong></span> <span class='ocrx_word' id='word_1_8' title='bbox 1010 305 1063 338; x_wconf 92' lang='lat' dir='ltr'><strong>ut</strong></span> <span class='ocrx_word' id='word_1_9' title='bbox 1091 291 1339 338; x_wconf 78' lang='lat' dir='ltr'><strong>irrideret:</strong></span> <span class='ocrx_word' id='word_1_10' title='bbox 1373 295 1541 354; x_wconf 77' lang='lat' dir='ltr'><strong>Vespa-</strong></span> 
     </span>
     <span class='ocr_line' id='line_1_3' title="bbox 274 368 1544 428; baseline -0.002 -12"><span class='ocrx_word' id='word_1_11' title='bbox 274 374 454 417; x_wconf 72' lang='lat' dir='ltr'><strong>sianum</strong></span> <span class='ocrx_word' id='word_1_12' title='bbox 486 375 619 420; x_wconf 75' lang='lat' dir='ltr'><strong>Titus</strong></span> <span class='ocrx_word' id='word_1_13' title='bbox 641 407 654 428; x_wconf 89' lang='lat'>,</span> <span class='ocrx_word' id='word_1_14' title='bbox 673 373 974 424; x_wconf 72' lang='lat' dir='ltr'><strong>}Domitianus</strong></span> <span class='ocrx_word' id='word_1_15' title='bbox 1003 371 1163 415; x_wconf 84' lang='lat' dir='ltr'><strong>Titum</strong></span> <span class='ocrx_word' id='word_1_16' title='bbox 1186 386 1199 414; x_wconf 80' lang='lat' dir='ltr'><strong>t</strong></span> <span class='ocrx_word' id='word_1_17' title='bbox 1238 369 1326 415; x_wconf 82' lang='lat' dir='ltr'><strong>sed</strong></span> <span class='ocrx_word' id='word_1_18' title='bbox 1359 368 1435 415; x_wconf 89' lang='lat' dir='ltr'><strong>ille</strong></span> <span class='ocrx_word' id='word_1_19' title='bbox 1454 404 1468 424; x_wconf 95' lang='lat'>‚</span> <span class='ocrx_word' id='word_1_20' title='bbox 1497 381 1544 413; x_wconf 88' lang='lat' dir='ltr'><strong>ut</strong></span> 
     </span>
     <span class='ocr_line' id='line_1_4' title="bbox 276 446 1543 506; baseline -0.002 -13"><span class='ocrx_word' id='word_1_21' title='bbox 276 448 350 494; x_wconf 83' lang='lat' dir='ltr'><strong>dei</strong></span> <span class='ocrx_word' id='word_1_22' title='bbox 379 448 534 505; x_wconf 49' lang='lat' dir='ltr'><strong>filiun</strong></span> <span class='ocrx_word' id='word_1_23' title='bbox 566 449 665 506; x_wconf 82' lang='lat' dir='ltr'><strong>hic,</strong></span> <span class='ocrx_word' id='word_1_24' title='bbox 698 462 751 495; x_wconf 90' lang='lat' dir='ltr'><strong>ut</strong></span> <span class='ocrx_word' id='word_1_25' title='bbox 776 448 917 494; x_wconf 78' lang='lat' dir='ltr'><strong>frater</strong></span> <span class='ocrx_word' id='word_1_26' title='bbox 945 447 1194 493; x_wconf 82' lang='lat' dir='ltr'><strong>videretur.</strong></span> <span class='ocrx_word' id='word_1_27' title='bbox 1222 449 1302 493; x_wconf 87' lang='lat' dir='ltr'><strong>Tu</strong></span> <span class='ocrx_word' id='word_1_28' title='bbox 1329 446 1543 492; x_wconf 77' lang='lat' dir='ltr'>sideribus</span> 
     </span>
     <span class='ocr_line' id='line_1_5' title="bbox 274 524 1542 587; baseline -0.004 -16"><span class='ocrx_word' id='word_1_29' title='bbox 274 537 452 587; x_wconf 79' lang='lat' dir='ltr'><strong>patrem</strong></span> <span class='ocrx_word' id='word_1_30' title='bbox 483 526 699 582; x_wconf 77' lang='lat' dir='ltr'><strong>intulisti,</strong></span> <span class='ocrx_word' id='word_1_31' title='bbox 729 541 820 570; x_wconf 85' lang='lat' dir='ltr'><strong>non</strong></span> <span class='ocrx_word' id='word_1_32' title='bbox 850 525 910 570; x_wconf 86' lang='lat' dir='ltr'><strong>ad</strong></span> <span class='ocrx_word' id='word_1_33' title='bbox 937 536 1112 570; x_wconf 88' lang='lat' dir='ltr'><strong>metum</strong></span> <span class='ocrx_word' id='word_1_34' title='bbox 1145 525 1350 579; x_wconf 81' lang='lat' dir='ltr'><strong>civium,</strong></span> <span class='ocrx_word' id='word_1_35' title='bbox 1379 540 1472 569; x_wconf 83' lang='lat' dir='ltr'><strong>non</strong></span> <span class='ocrx_word' id='word_1_36' title='bbox 1501 524 1542 566; x_wconf 81' lang='lat' dir='ltr'><strong>in</strong></span> 
     </span>
     <span class='ocr_line' id='line_1_6' title="bbox 276 602 1541 660; baseline -0.002 -11"><span class='ocrx_word' id='word_1_37' title='bbox 276 604 598 652; x_wconf 82' lang='lat' dir='ltr'><strong>contumeliam</strong></span> <span class='ocrx_word' id='word_1_38' title='bbox 629 607 896 660; x_wconf 86' lang='lat' dir='ltr'><strong>numinum,</strong></span> <span class='ocrx_word' id='word_1_39' title='bbox 925 619 1016 648; x_wconf 86' lang='lat' dir='ltr'><strong>non</strong></span> <span class='ocrx_word' id='word_1_40' title='bbox 1047 605 1094 647; x_wconf 87' lang='lat' dir='ltr'><strong>in</strong></span> <span class='ocrx_word' id='word_1_41' title='bbox 1134 602 1366 648; x_wconf 82' lang='lat' dir='ltr'>honorem</span> <span class='ocrx_word' id='word_1_42' title='bbox 1391 616 1541 655; x_wconf 82' lang='lat' dir='ltr'><strong>mum,</strong></span> 
     </span>
     <span class='ocr_line' id='line_1_7' title="bbox 282 678 1546 743; baseline -0.003 -15"><span class='ocrx_word' id='word_1_43' title='bbox 282 681 364 727; x_wconf 69' lang='lat' dir='ltr'><strong>sed</strong></span> <span class='ocrx_word' id='word_1_44' title='bbox 386 685 493 743; x_wconf 84' lang='lat' dir='ltr'><strong>qnia</strong></span> <span class='ocrx_word' id='word_1_45' title='bbox 512 681 649 727; x_wconf 87' lang='lat' dir='ltr'><strong>deum</strong></span> <span class='ocrx_word' id='word_1_46' title='bbox 669 681 831 728; x_wconf 81' lang='lat' dir='ltr'><strong>eredis.</strong></span> <span class='ocrx_word' id='word_1_47' title='bbox 856 682 1009 726; x_wconf 78' lang='lat' dir='ltr'><strong>Minus</strong></span> <span class='ocrx_word' id='word_1_48' title='bbox 1029 692 1097 725; x_wconf 77' lang='lat' dir='ltr'><strong>est</strong></span> <span class='ocrx_word' id='word_1_49' title='bbox 1122 679 1237 732; x_wconf 85' lang='lat' dir='ltr'><strong>hoc,</strong></span> <span class='ocrx_word' id='word_1_50' title='bbox 1262 695 1412 742; x_wconf 87' lang='lat' dir='ltr'><strong>quum</strong></span> <span class='ocrx_word' id='word_1_51' title='bbox 1425 680 1477 725; x_wconf 82' lang='lat' dir='ltr'><strong>fit</strong></span> <span class='ocrx_word' id='word_1_52' title='bbox 1491 678 1546 723; x_wconf 74' lang='lat' dir='ltr'><strong>ab</strong></span> 
     </span>
     <span class='ocr_line' id='line_1_8' title="bbox 283 755 1548 821; baseline -0.002 -17"><span class='ocrx_word' id='word_1_53' title='bbox 283 761 337 805; x_wconf 78' lang='lat' dir='ltr'><strong>iis</strong></span> <span class='ocrx_word' id='word_1_54' title='bbox 358 762 438 821; x_wconf 85' lang='lat' dir='ltr'><strong>qui</strong></span> <span class='ocrx_word' id='word_1_55' title='bbox 452 771 497 806; x_wconf 89' lang='lat' dir='ltr'><strong>et</strong></span> <span class='ocrx_word' id='word_1_56' title='bbox 511 776 605 805; x_wconf 72' lang='lat' dir='ltr'><strong>sese</strong></span> <span class='ocrx_word' id='word_1_57' title='bbox 627 760 736 806; x_wconf 72' lang='lat' dir='ltr'><strong>deos</strong></span> <span class='ocrx_word' id='word_1_58' title='bbox 756 770 932 821; x_wconf 84' lang='lat' dir='ltr'><strong>putant.</strong></span> <span class='ocrx_word' id='word_1_59' title='bbox 947 758 1036 804; x_wconf 84' lang='lat' dir='ltr'><strong>Sed</strong></span> <span class='ocrx_word' id='word_1_60' title='bbox 1049 757 1153 803; x_wconf 84' lang='lat' dir='ltr'><strong>licet</strong></span> <span class='ocrx_word' id='word_1_61' title='bbox 1171 755 1308 802; x_wconf 84' lang='lat' dir='ltr'><strong>illum</strong></span> <span class='ocrx_word' id='word_1_62' title='bbox 1322 761 1415 803; x_wconf 74' lang='lat' dir='ltr'><strong>aris</strong></span> <span class='ocrx_word' id='word_1_63' title='bbox 1427 793 1440 812; x_wconf 92' lang='lat'>‚</span> <span class='ocrx_word' id='word_1_64' title='bbox 1455 755 1548 818; x_wconf 87' lang='lat' dir='ltr'><strong>pul-</strong></span> 
     </span>
     <span class='ocr_line' id='line_1_9' title="bbox 280 835 1547 897; baseline -0.001 -16"><span class='ocrx_word' id='word_1_65' title='bbox 280 839 540 894; x_wconf 75' lang='lat' dir='ltr'><strong>vinaribus,</strong></span> <span class='ocrx_word' id='word_1_66' title='bbox 573 838 757 884; x_wconf 86' lang='lat' dir='ltr'><strong>flamine</strong></span> <span class='ocrx_word' id='word_1_67' title='bbox 792 837 939 892; x_wconf 74' lang='lat' dir='ltr'><strong>colas,</strong></span> <span class='ocrx_word' id='word_1_68' title='bbox 971 851 1065 882; x_wconf 86' lang='lat' dir='ltr'><strong>non</strong></span> <span class='ocrx_word' id='word_1_69' title='bbox 1100 835 1191 881; x_wconf 81' lang='lat' dir='ltr'><strong>alio</strong></span> <span class='ocrx_word' id='word_1_70' title='bbox 1227 838 1374 897; x_wconf 74' lang='lat' dir='ltr'><strong>magis</strong></span> <span class='ocrx_word' id='word_1_71' title='bbox 1401 849 1547 882; x_wconf 79' lang='lat' dir='ltr'><strong>tamen</strong></span> 
     </span>
     <span class='ocr_line' id='line_1_10' title="bbox 281 913 1544 978; baseline -0.003 -17"><span class='ocrx_word' id='word_1_72' title='bbox 281 916 421 962; x_wconf 87' lang='lat' dir='ltr'><strong>deum</strong></span> <span class='ocrx_word' id='word_1_73' title='bbox 448 931 493 963; x_wconf 91' lang='lat' dir='ltr'><strong>et</strong></span> <span class='ocrx_word' id='word_1_74' title='bbox 514 917 624 963; x_wconf 80' lang='lat' dir='ltr'><strong>facis</strong></span> <span class='ocrx_word' id='word_1_75' title='bbox 651 928 696 962; x_wconf 88' lang='lat' dir='ltr'><strong>et</strong></span> <span class='ocrx_word' id='word_1_76' title='bbox 713 915 881 978; x_wconf 79' lang='lat' dir='ltr'><strong>probas</strong></span> <span class='ocrx_word' id='word_1_77' title='bbox 899 951 912 972; x_wconf 96' lang='lat'>,</span> <span class='ocrx_word' id='word_1_78' title='bbox 930 931 1069 977; x_wconf 86' lang='lat' dir='ltr'><strong>quam</strong></span> <span class='ocrx_word' id='word_1_79' title='bbox 1093 913 1220 976; x_wconf 88' lang='lat' dir='ltr'><strong>quod</strong></span> <span class='ocrx_word' id='word_1_80' title='bbox 1247 916 1348 975; x_wconf 73' lang='lat' dir='ltr'><strong>ipse</strong></span> <span class='ocrx_word' id='word_1_81' title='bbox 1369 914 1470 960; x_wconf 72' lang='lat' dir='ltr'><strong>talis</strong></span> <span class='ocrx_word' id='word_1_82' title='bbox 1485 928 1544 958; x_wconf 79' lang='lat' dir='ltr'><strong>es.</strong></span> 
     </span>
     <span class='ocr_line' id='line_1_11' title="bbox 280 989 1546 1057; baseline -0.001 -18"><span class='ocrx_word' id='word_1_83' title='bbox 280 996 334 1039; x_wconf 87' lang='lat' dir='ltr'><strong>ln</strong></span> <span class='ocrx_word' id='word_1_84' title='bbox 353 989 557 1057; x_wconf 75' lang='lat' dir='ltr'><strong>priucipe</strong></span> <span class='ocrx_word' id='word_1_85' title='bbox 574 997 696 1041; x_wconf 80' lang='lat' dir='ltr'><strong>enim</strong></span> <span class='ocrx_word' id='word_1_86' title='bbox 708 1031 722 1051; x_wconf 92' lang='lat'>,</span> <span class='ocrx_word' id='word_1_87' title='bbox 736 997 818 1057; x_wconf 82' lang='lat' dir='ltr'><strong>qui</strong></span> <span class='ocrx_word' id='word_1_88' title='bbox 831 1030 844 1050; x_wconf 93' lang='lat'>‚</span> <span class='ocrx_word' id='word_1_89' title='bbox 864 993 1007 1040; x_wconf 86' lang='lat' dir='ltr'><strong>electo</strong></span> <span class='ocrx_word' id='word_1_90' title='bbox 1021 1009 1279 1039; x_wconf 72' lang='lat' dir='ltr'>successore</span> <span class='ocrx_word' id='word_1_91' title='bbox 1292 1029 1306 1049; x_wconf 94' lang='lat'>‚</span> <span class='ocrx_word' id='word_1_92' title='bbox 1329 993 1424 1039; x_wconf 77' lang='lat' dir='ltr'><strong>fato</strong></span> <span class='ocrx_word' id='word_1_93' title='bbox 1437 1008 1546 1038; x_wconf 87' lang='lat' dir='ltr'><strong>eou-</strong></span> 
     </span>
     <span class='ocr_line' id='line_1_12' title="bbox 282 1069 1554 1134; baseline -0.002 -19"><span class='ocrx_word' id='word_1_94' title='bbox 282 1073 439 1127; x_wconf 65' lang='lat' dir='ltr'><strong>cesffl,</strong></span> <span class='ocrx_word' id='word_1_95' title='bbox 467 1088 558 1117; x_wconf 87' lang='lat' dir='ltr'><strong>uua</strong></span> <span class='ocrx_word' id='word_1_96' title='bbox 581 1073 780 1134; x_wconf 80' lang='lat' dir='ltr'><strong>itemque</strong></span> <span class='ocrx_word' id='word_1_97' title='bbox 801 1071 1049 1117; x_wconf 76' lang='lat' dir='ltr'><strong>certissima</strong></span> <span class='ocrx_word' id='word_1_98' title='bbox 1063 1070 1317 1115; x_wconf 76' lang='lat' dir='ltr'><strong>divinitatis</strong></span> <span class='ocrx_word' id='word_1_99' title='bbox 1339 1069 1453 1115; x_wconf 72' lang='lat' dir='ltr'><strong>fides</strong></span> <span class='ocrx_word' id='word_1_100' title='bbox 1470 1080 1554 1120; x_wconf 79' lang='lat' dir='ltr'><strong>est,</strong></span> 
     </span>
     <span class='ocr_line' id='line_1_13' title="bbox 281 1147 1549 1214; baseline -0.004 -19"><span class='ocrx_word' id='word_1_101' title='bbox 281 1148 431 1195; x_wconf 76' lang='lat' dir='ltr'><strong>bouus</strong></span> <span class='ocrx_word' id='word_1_102' title='bbox 459 1167 701 1214; x_wconf 74' lang='lat' dir='ltr'><strong>suecessor.</strong></span> <span class='ocrx_word' id='word_1_103' title='bbox 735 1153 855 1195; x_wconf 82' lang='lat' dir='ltr'><strong>Num</strong></span> <span class='ocrx_word' id='word_1_104' title='bbox 885 1164 991 1210; x_wconf 76' lang='lat' dir='ltr'><strong>ergo</strong></span> <span class='ocrx_word' id='word_1_105' title='bbox 1018 1148 1103 1194; x_wconf 80' lang='lat' dir='ltr'><strong>tibi</strong></span> <span class='ocrx_word' id='word_1_106' title='bbox 1132 1163 1184 1193; x_wconf 83' lang='lat' dir='ltr'><strong>ex</strong></span> <span class='ocrx_word' id='word_1_107' title='bbox 1213 1147 1549 1193; x_wconf 73' lang='lat' dir='ltr'><strong>immortalitate</strong></span> 
     </span>
     <span class='ocr_line' id='line_1_14' title="bbox 283 1224 1549 1291; baseline -0.003 -19"><span class='ocrx_word' id='word_1_108' title='bbox 283 1229 424 1289; x_wconf 72' lang='lat' dir='ltr'><strong>patris</strong></span> <span class='ocrx_word' id='word_1_109' title='bbox 448 1227 623 1291; x_wconf 76' lang='lat' dir='ltr'><strong>aliquid</strong></span> <span class='ocrx_word' id='word_1_110' title='bbox 640 1229 908 1290; x_wconf 70' lang='lat' dir='ltr'><strong>arrogantiae</strong></span> <span class='ocrx_word' id='word_1_111' title='bbox 926 1226 1140 1271; x_wconf 79' lang='lat' dir='ltr'><strong>accessit?</strong></span> <span class='ocrx_word' id='word_1_112' title='bbox 1159 1228 1282 1270; x_wconf 84' lang='lat' dir='ltr'><strong>Num</strong></span> <span class='ocrx_word' id='word_1_113' title='bbox 1304 1224 1390 1269; x_wconf 87' lang='lat' dir='ltr'><strong>hos</strong></span> <span class='ocrx_word' id='word_1_114' title='bbox 1407 1224 1549 1286; x_wconf 84' lang='lat' dir='ltr'><strong>proxi-</strong></span> 
     </span>
     <span class='ocr_line' id='line_1_15' title="bbox 284 1303 1551 1367; baseline 0 -19"><span class='ocrx_word' id='word_1_115' title='bbox 284 1319 383 1349; x_wconf 81' lang='lat' dir='ltr'><strong>mos</strong></span> <span class='ocrx_word' id='word_1_116' title='bbox 404 1305 639 1353; x_wconf 79' lang='lat' dir='ltr'><strong>divinitate</strong></span> <span class='ocrx_word' id='word_1_117' title='bbox 656 1316 898 1367; x_wconf 82' lang='lat' dir='ltr'><strong>parentum</strong></span> <span class='ocrx_word' id='word_1_118' title='bbox 921 1303 1098 1349; x_wconf 81' lang='lat' dir='ltr'><strong>desides</strong></span> <span class='ocrx_word' id='word_1_119' title='bbox 1122 1319 1173 1349; x_wconf 86' lang='lat' dir='ltr'><strong>ac</strong></span> <span class='ocrx_word' id='word_1_120' title='bbox 1196 1303 1449 1365; x_wconf 73' lang='lat' dir='ltr'><strong>superboe,</strong></span> <span class='ocrx_word' id='word_1_121' title='bbox 1471 1316 1551 1363; x_wconf 83' lang='lat' dir='ltr'><strong>po-</strong></span> 
     </span>
     <span class='ocr_line' id='line_1_16' title="bbox 284 1381 1551 1444; baseline 0 -19"><span class='ocrx_word' id='word_1_122' title='bbox 284 1383 374 1426; x_wconf 79' lang='lat' dir='ltr'><strong>tius</strong></span> <span class='ocrx_word' id='word_1_123' title='bbox 393 1397 532 1444; x_wconf 85' lang='lat' dir='ltr'><strong>quam</strong></span> <span class='ocrx_word' id='word_1_124' title='bbox 561 1382 663 1428; x_wconf 80' lang='lat' dir='ltr'><strong>illos</strong></span> <span class='ocrx_word' id='word_1_125' title='bbox 689 1395 863 1429; x_wconf 76' lang='lat' dir='ltr'><strong>veteres</strong></span> <span class='ocrx_word' id='word_1_126' title='bbox 888 1394 933 1427; x_wconf 88' lang='lat' dir='ltr'><strong>et</strong></span> <span class='ocrx_word' id='word_1_127' title='bbox 960 1382 1169 1442; x_wconf 82' lang='lat' dir='ltr'><strong>antiquos</strong></span> <span class='ocrx_word' id='word_1_128' title='bbox 1192 1381 1450 1435; x_wconf 66' lang='lat' dir='ltr'><strong>aemularis,</strong></span> <span class='ocrx_word' id='word_1_129' title='bbox 1473 1381 1551 1442; x_wconf 79' lang='lat' dir='ltr'><strong>qui</strong></span> 
     </span>
     <span class='ocr_line' id='line_1_17' title="bbox 285 1447 1550 1522; baseline -0.002 -17"><span class='ocrx_word' id='word_1_130' title='bbox 285 1459 374 1505; x_wconf 86' lang='lat' dir='ltr'><strong>hoe</strong></span> <span class='ocrx_word' id='word_1_131' title='bbox 395 1462 547 1521; x_wconf 76' lang='lat' dir='ltr'><strong>ipsum</strong></span> <span class='ocrx_word' id='word_1_132' title='bbox 564 1463 809 1522; x_wconf 80' lang='lat' dir='ltr'><strong>imperium</strong></span> <span class='ocrx_word' id='word_1_133' title='bbox 827 1462 1075 1522; x_wconf 76' lang='lat' dir='ltr'><strong>peperere?</strong></span> <span class='ocrx_word' id='word_1_134' title='bbox 1098 1459 1223 1521; x_wconf 85' lang='lat' dir='ltr'><strong>quod</strong></span> <span class='ocrx_word' id='word_1_135' title='bbox 1244 1447 1386 1505; x_wconf 66' lang='lat' dir='ltr'><strong>medo</strong></span> <span class='ocrx_word' id='word_1_136' title='bbox 1405 1460 1550 1505; x_wconf 71' lang='lat' dir='ltr'><strong>hostes</strong></span> 
     </span>
    </p>
   </div>
   <div class='ocr_carea' id='block_1_3' title="bbox 288 1537 1642 1600">
    <p class='ocr_par' dir='ltr' id='par_1_3' title="bbox 288 1537 1642 1600">
     <span class='ocr_line' id='line_1_18' title="bbox 288 1537 1642 1600; baseline -0.002 -16"><span class='ocrx_word' id='word_1_137' title='bbox 288 1541 548 1584; x_wconf 75' lang='lat' dir='ltr'><strong>invaserant</strong></span> <span class='ocrx_word' id='word_1_138' title='bbox 569 1550 1050 1600; x_wconf 68' lang='lat' dir='ltr'><strong>contempserautque:</strong></span> <span class='ocrx_word' id='word_1_139' title='bbox 1076 1537 1204 1596; x_wconf 73' lang='lat' dir='ltr'><strong>cujus</strong></span> <span class='ocrx_word' id='word_1_140' title='bbox 1235 1537 1358 1599; x_wconf 78' lang='lat' dir='ltr'><strong>pulsi</strong></span> <span class='ocrx_word' id='word_1_141' title='bbox 1382 1538 1548 1598; x_wconf 74' lang='lat' dir='ltr'><strong>fugati-</strong></span> <span class='ocrx_word' id='word_1_142' title='bbox 1641 1578 1642 1581; x_wconf 75' lang='grc'>,</span> 
     </span>
    </p>
   </div>
   <div class='ocr_carea' id='block_1_4' title="bbox 284 1613 1553 2209">
    <p class='ocr_par' dir='ltr' id='par_1_4' title="bbox 284 1613 1553 2062">
     <span class='ocr_line' id='line_1_19' title="bbox 290 1613 1551 1678; baseline -0.002 -17"><span class='ocrx_word' id='word_1_143' title='bbox 290 1628 404 1678; x_wconf 86' lang='lat' dir='ltr'><strong>que,</strong></span> <span class='ocrx_word' id='word_1_144' title='bbox 433 1629 525 1660; x_wconf 85' lang='lat' dir='ltr'><strong>non</strong></span> <span class='ocrx_word' id='word_1_145' title='bbox 538 1613 664 1659; x_wconf 83' lang='lat' dir='ltr'><strong>aliud</strong></span> <span class='ocrx_word' id='word_1_146' title='bbox 684 1615 831 1675; x_wconf 78' lang='lat' dir='ltr'><strong>majus</strong></span> <span class='ocrx_word' id='word_1_147' title='bbox 856 1615 1113 1661; x_wconf 77' lang='lat' dir='ltr'><strong>habebatur</strong></span> <span class='ocrx_word' id='word_1_148' title='bbox 1137 1614 1360 1661; x_wconf 78' lang='lat' dir='ltr'><strong>indicium</strong></span> <span class='ocrx_word' id='word_1_149' title='bbox 1376 1651 1389 1670; x_wconf 88' lang='lat'>‚</span> <span class='ocrx_word' id='word_1_150' title='bbox 1416 1630 1551 1678; x_wconf 83' lang='lat' dir='ltr'><strong>quam</strong></span> 
     </span>
     <span class='ocr_line' id='line_1_20' title="bbox 289 1690 1551 1754; baseline 0 -16"><span class='ocrx_word' id='word_1_151' title='bbox 289 1692 414 1754; x_wconf 86' lang='lat' dir='ltr'><strong>quod</strong></span> <span class='ocrx_word' id='word_1_152' title='bbox 446 1690 819 1753; x_wconf 80' lang='lat' dir='ltr'><strong>triumpharetur.</strong></span> <span class='ocrx_word' id='word_1_153' title='bbox 843 1693 962 1752; x_wconf 78' lang='lat' dir='ltr'><strong>Ergo</strong></span> <span class='ocrx_word' id='word_1_154' title='bbox 989 1690 1265 1737; x_wconf 78' lang='lat' dir='ltr'><strong>sustulerant</strong></span> <span class='ocrx_word' id='word_1_155' title='bbox 1283 1695 1486 1747; x_wconf 76' lang='lat' dir='ltr'><strong>animos,</strong></span> <span class='ocrx_word' id='word_1_156' title='bbox 1509 1704 1551 1738; x_wconf 84' lang='lat' dir='ltr'><strong>et</strong></span> 
     </span>
     <span class='ocr_line' id='line_1_21' title="bbox 284 1767 1553 1830; baseline -0.002 -15"><span class='ocrx_word' id='word_1_157' title='bbox 284 1770 448 1830; x_wconf 73' lang='lat' dir='ltr'><strong>jugum</strong></span> <span class='ocrx_word' id='word_1_158' title='bbox 460 1781 768 1821; x_wconf 79' lang='lat' dir='ltr'><strong>excusseraut3</strong></span> <span class='ocrx_word' id='word_1_159' title='bbox 788 1783 874 1814; x_wconf 88' lang='lat' dir='ltr'><strong>nec</strong></span> <span class='ocrx_word' id='word_1_160' title='bbox 885 1768 980 1828; x_wconf 85' lang='lat' dir='ltr'><strong>jam</strong></span> <span class='ocrx_word' id='word_1_161' title='bbox 995 1767 1232 1813; x_wconf 81' lang='lat' dir='ltr'><strong>nobiscum</strong></span> <span class='ocrx_word' id='word_1_162' title='bbox 1250 1768 1309 1814; x_wconf 88' lang='lat' dir='ltr'><strong>de</strong></span> <span class='ocrx_word' id='word_1_163' title='bbox 1323 1784 1406 1814; x_wconf 81' lang='lat' dir='ltr'><strong>sua</strong></span> <span class='ocrx_word' id='word_1_164' title='bbox 1421 1768 1553 1814; x_wconf 80' lang='lat' dir='ltr'><strong>liber-</strong></span> 
     </span>
     <span class='ocr_line' id='line_1_22' title="bbox 290 1847 1552 1904; baseline -0.001 -10"><span class='ocrx_word' id='word_1_165' title='bbox 290 1860 383 1894; x_wconf 84' lang='lat' dir='ltr'><strong>tate</strong></span> <span class='ocrx_word' id='word_1_166' title='bbox 398 1883 411 1904; x_wconf 90' lang='lat'><strong>,</strong></span> <span class='ocrx_word' id='word_1_167' title='bbox 437 1847 515 1894; x_wconf 81' lang='lat' dir='ltr'><strong>sed</strong></span> <span class='ocrx_word' id='word_1_168' title='bbox 537 1848 596 1893; x_wconf 83' lang='lat' dir='ltr'><strong>de</strong></span> <span class='ocrx_word' id='word_1_169' title='bbox 616 1858 768 1892; x_wconf 79' lang='lat' dir='ltr'><strong>nostra</strong></span> <span class='ocrx_word' id='word_1_170' title='bbox 789 1849 1005 1892; x_wconf 74' lang='lat' dir='ltr'><strong>servitute</strong></span> <span class='ocrx_word' id='word_1_171' title='bbox 1031 1847 1292 1900; x_wconf 77' lang='lat' dir='ltr'><strong>cet-taban13</strong></span> <span class='ocrx_word' id='word_1_172' title='bbox 1322 1862 1378 1893; x_wconf 84' lang='lat' dir='ltr'><strong>ac</strong></span> <span class='ocrx_word' id='word_1_173' title='bbox 1400 1863 1458 1893; x_wconf 86' lang='lat' dir='ltr'><strong>ne</strong></span> <span class='ocrx_word' id='word_1_174' title='bbox 1479 1851 1552 1893; x_wconf 86' lang='lat' dir='ltr'><strong>in·</strong></span> 
     </span>
     <span class='ocr_line' id='line_1_23' title="bbox 292 1923 1545 1986; baseline 0.002 -17"><span class='ocrx_word' id='word_1_175' title='bbox 292 1925 448 1971; x_wconf 76' lang='lat' dir='ltr'><strong>ducias</strong></span> <span class='ocrx_word' id='word_1_176' title='bbox 461 1924 672 1986; x_wconf 76' lang='lat' dir='ltr'><strong>quidem,</strong></span> <span class='ocrx_word' id='word_1_177' title='bbox 691 1925 777 1969; x_wconf 75' lang='lat' dir='ltr'>nisi</span> <span class='ocrx_word' id='word_1_178' title='bbox 805 1926 947 1984; x_wconf 77' lang='lat' dir='ltr'><strong>aequis</strong></span> <span class='ocrx_word' id='word_1_179' title='bbox 970 1923 1329 1979; x_wconf 75' lang='lat' dir='ltr'><strong>conditionibus,</strong></span> <span class='ocrx_word' id='word_1_180' title='bbox 1351 1927 1545 1982; x_wconf 74' lang='lat' dir='ltr'><strong>inibant3</strong></span> 
     </span>
     <span class='ocr_line' id='line_1_24' title="bbox 300 1999 1097 2062; baseline -0.003 -15"><span class='ocrx_word' id='word_1_181' title='bbox 300 2000 511 2062; x_wconf 76' lang='lat' dir='ltr'><strong>legesque</strong></span> <span class='ocrx_word' id='word_1_182' title='bbox 530 2012 583 2045; x_wconf 85' lang='lat' dir='ltr'><strong>ut</strong></span> <span class='ocrx_word' id='word_1_183' title='bbox 610 2001 888 2060; x_wconf 84' lang='lat' dir='ltr'><strong>acciperent,</strong></span> <span class='ocrx_word' id='word_1_184' title='bbox 913 1999 1097 2046; x_wconf 82' lang='lat' dir='ltr'><strong>dabant.</strong></span> 
     </span>
    </p>

    <p class='ocr_par' dir='ltr' id='par_1_5' title="bbox 294 2074 1552 2209">
     <span class='ocr_line' id='line_1_25' title="bbox 352 2074 1551 2131; baseline 0.003 -9"><span class='ocrx_word' id='word_1_185' title='bbox 352 2079 451 2122; x_wconf 84' lang='grc' dir='ltr'><strong>ΧΠ.</strong></span> <span class='ocrx_word' id='word_1_186' title='bbox 472 2080 542 2120; x_wconf 74' lang='lat' dir='ltr'><strong>Ar</strong></span> <span class='ocrx_word' id='word_1_187' title='bbox 559 2090 679 2120; x_wconf 86' lang='lat' dir='ltr'><strong>nunc</strong></span> <span class='ocrx_word' id='word_1_188' title='bbox 693 2074 827 2121; x_wconf 78' lang='lat' dir='ltr'><strong>rediit</strong></span> <span class='ocrx_word' id='word_1_189' title='bbox 841 2075 1054 2121; x_wconf 75' lang='lat' dir='ltr'><strong>omnibus</strong></span> <span class='ocrx_word' id='word_1_190' title='bbox 1073 2089 1236 2130; x_wconf 84' lang='lat' dir='ltr'><strong>terror,</strong></span> <span class='ocrx_word' id='word_1_191' title='bbox 1252 2088 1299 2122; x_wconf 87' lang='lat' dir='ltr'><strong>et</strong></span> <span class='ocrx_word' id='word_1_192' title='bbox 1316 2090 1466 2124; x_wconf 79' lang='lat' dir='ltr'><strong>metus</strong></span> <span class='ocrx_word' id='word_1_193' title='bbox 1478 2113 1491 2131; x_wconf 88' lang='lat'><strong><em>‚</em></strong></span> <span class='ocrx_word' id='word_1_194' title='bbox 1509 2091 1551 2125; x_wconf 82' lang='lat' dir='ltr'><strong>et</strong></span> 
     </span>
     <span class='ocr_line' id='line_1_26' title="bbox 294 2149 1552 2209; baseline 0.004 -13"><span class='ocrx_word' id='word_1_195' title='bbox 294 2163 451 2196; x_wconf 81' lang='lat' dir='ltr'><strong>votum</strong></span> <span class='ocrx_word' id='word_1_196' title='bbox 476 2152 694 2209; x_wconf 80' lang='lat' dir='ltr'><strong>imperata</strong></span> <span class='ocrx_word' id='word_1_197' title='bbox 720 2149 932 2197; x_wconf 83' lang='lat' dir='ltr'><strong>faciendi.</strong></span> <span class='ocrx_word' id='word_1_198' title='bbox 952 2151 1122 2198; x_wconf 77' lang='lat' dir='ltr'><strong>Vident</strong></span> <span class='ocrx_word' id='word_1_199' title='bbox 1147 2155 1270 2198; x_wconf 82' lang='lat' dir='ltr'><strong>enim</strong></span> <span class='ocrx_word' id='word_1_200' title='bbox 1300 2156 1552 2201; x_wconf 77' lang='lat' dir='ltr'><strong>Romanum</strong></span> 
     </span>
    </p>
   </div>
  </div>
 </body>
</html>
